2075 3235
34 120 44 132 .
117 100 174 142 85
451 69 629 137 LIB‘ER
659 92 715 135 Π,
778 90 903 135 CAP.
935 95 1122 135 25—26.
1184 95 1208 143 ς
1242 95 1424 134 75—79.
1672 90 1776 142 201

117 216 292 284 ipsam
321 213 472 265 illam
498 211 921 279 comparativam
952 209 1332 262 iudicationem
1365 227 1625 277 exponere
1649 213 1781 261 tam-

120 305 279 356 quam
317 303 532 338 causam
572 284 979 336 deliberativam
1013 286 1067 335 et
1098 283 1160 334 de
1193 300 1256 334 ea
1288 301 1350 333 ex
1383 281 1780 333 deliberationis

62 372 65 374 “
117 358 413 429 praeceptis
454 357 641 409 dicere.
695 355 776 408 Sit
816 357 956 408 enim
995 356 1126 408 haec
1156 354 1426 423 iudicatio,
1467 372 1626 422 quam
1659 358 1782 405 ante

119 431 480 501 exposuimus:
536 429 671 482 Cum
712 447 893 482 omnes
933 429 1160 496 perituri
1199 428 1398 480 milites
1440 431 1640 494 essent,
1678 427 1782 478 nisi

74 521 95 552 5
119 505 184 558 ad
214 505 350 556 hanc
380 503 685 571 pactionem
710 504 994 568 venissent,
1026 505 1207 553 utrum
1232 502 1399 553 satius
1422 500 1585 552 fuerit
1607 500 1782 567 perire

118 579 330 643 milites,
378 595 445 628 an
492 576 557 627 ad
595 576 732 628 hanc
770 576 1074 644 pactionem
1113 575 1328 627 venire?
1390 573 1508 626 Hoc
1548 591 1611 625 ex
1649 573 1782 624 locis

117 649 539 717 deliberationis,
595 649 747 718 quasi
801 649 1036 717 aliquam
1090 648 1146 699 in
1200 647 1650 700 consultationem
1696 663 1782 697 res

115 723 313 790 veniat,
351 723 572 775 tractari
612 722 895 790 oportebit.
956 720 1221 772 Defensor
1262 724 1456 788 autem,
1497 720 1689 789 quibus
1727 719 1871 770 11126

117 797 249 848 locis
283 796 348 847 ab
384 798 688 848 accusatore
721 795 856 846 aliae
891 794 1306 846 constitutiones
1340 796 1494 845 erunt
1523 793 1784 858 inductae,

51 885 93 918 10
116 870 173 921 in
217 869 284 921 iis
330 869 444 937 ipse
493 886 700 937 quoque
749 886 810 920 ex
855 867 1025 919 isdem
1080 867 1552 919 constitutionibus
1612 866 1784 917 defen-

117 942 321 994 sionem
368 942 724 1011 comparabit3
772 944 975 993 ceteros
1024 945 1202 992 autem
1249 958 1432 992 omnes
1473 941 1642 1006 locOS,
1694 940 1785 1006 qui

117 1016 183 1068 ad
237 1016 410 1083 ipsam
464 1015 918 1084 comparationem
970 1014 1336 1083 pertinebunt,
1400 1032 1461 1065 ex
1516 1012 1783 1064 contrario

115 1089 386 1141 tractabit.
463 1088 591 1141 Loci
638 1106 942 1140 communes
991 1090 1169 1139 autem
1218 1090 1393 1138 erunt:
1442 1085 1783 1151 accusatoriS,
1818 1088 1871 1126 77

114 1163 170 1213 in
211 1180 343 1228 eum,
385 1162 476 1229 qui
515 1180 634 1214 cum
674 1161 735 1213 de
773 1161 916 1213 facto
957 1162 1103 1228 turpi
1143 1160 1322 1228 aliquo
1356 1163 1449 1212 aut
1479 1160 1660 1211 inutili
1693 1163 1784 1210 aut

50 1251 91 1282 15
116 1239 344 1303 utroque
383 1237 631 1301 fateatur,
673 1237 894 1302 quaerat
934 1237 1115 1286 tamen
1155 1234 1389 1302 aliquam
1423 1232 1784 1284 defensionem

119 1309 154 1375 [,
179 1311 233 1360 et
270 1308 400 1360 facti
437 1308 787 1359 inutilitatem
827 1310 919 1359 aut
957 1307 1345 1376 turpitudinem
1385 1325 1504 1358 cum
1543 1306 1784 1375 indigna-

115 1382 260 1433 tione
299 1380 584 1449 proferre];
625 1381 917 1432 defensoris
959 1383 1066 1447 est,
1105 1380 1314 1431 nullum
1350 1379 1556 1431 factum
1594 1379 1784 1430 inutile

114 1472 283 1522 neque
322 1458 478 1521 turpe
515 1472 686 1521 neque
725 1454 856 1505 item
895 1454 1028 1505 utile
1066 1471 1236 1521 neque
1280 1452 1566 1505 honestum
1605 1454 1786 1521 putari

117 1530 377 1596 oportere,
415 1527 534 1594 nisi,
575 1545 677 1595 quo
720 1528 912 1595 animo,
953 1545 1056 1595 quo
1096 1530 1354 1596 tempore,
1394 1545 1499 1595 qua
1531 1526 1593 1577 de
1626 1543 1786 1578 causa

47 1615 92 1648 20
113 1600 312 1652 factum
364 1600 455 1668 sit,
501 1600 867 1669 intellegatur3
916 1602 1004 1668 qui
1049 1601 1196 1652 locus
1236 1601 1315 1652 ita
1354 1599 1649 1652 communis
1690 1602 1786 1666 est,

113 1677 175 1725 ut
213 1674 347 1725 bene
387 1676 651 1725 tractatus
689 1674 746 1724 in
783 1673 886 1726 hac
925 1692 1084 1726 causa
1124 1691 1320 1742 magno
1363 1673 1429 1724 acl
1470 1672 1786 1742 persuaden-

115 1747 241 1798 dum
288 1750 559 1799 momento
605 1747 817 1798 futurus
867 1747 958 1813 sit3
1007 1750 1060 1798 et
1101 1747 1238 1798 alter
1277 1747 1447 1809 locus,
1495 1765 1589 1814 per
1630 1764 1788 1814 quem

114 1838 312 1889 magna
344 1839 462 1872 cum
496 1820 910 1889 amplificatione
941 1820 1185 1872 beneficii
1209 1820 1524 1889 magnitudo
1552 1837 1614 1870 ex
1645 1819 1788 1870 utili-

114 1897 228 1946 tate
254 1896 346 1945 aut
369 1893 652 1945 honestate
679 1898 770 1945 aut
797 1893 929 1945 facti
952 1893 1340 1946 necessitudine
1366 1893 1788 1960 demonstratur,

50 1981 91 2014 25
117 1971 170 2018 et
216 1967 431 2033 tertiuS,
477 1985 572 2035 per
612 1985 769 2034 quem
808 1985 892 2018 res
934 1985 1183 2035 expressa
1221 1967 1400 2019 verbis
1442 1969 1565 2018 ante
1607 1967 1787 2018 oculos
1824 1968 1878 2007 78

118 2058 322 2108 eorum,
372 2040 463 2108 qui
502 2040 745 2107 audiunt,
784 2040 1023 2108 ponitur,
1061 2043 1122 2092 ut
1160 2040 1265 2108 ipsi
1306 2059 1360 2092 se
1401 2057 1609 2108 quoque
1648 2039 1789 2091 idem

115 2113 352 2165 facturos
398 2112 565 2165 fuisse
614 2114 966 2181 arbitrentur,
1016 2114 1060 2165 si
1110 2114 1211 2165 sibi
1258 2114 1353 2165 illa
1399 2131 1484 2165 res
1526 2116 1687 2180 atque
1727 2132 1790 2165 ea

116 2186 346 2239 faciendi
385 2204 544 2239 causa
582 2205 677 2255 per
715 2187 854 2239 idem
895 2191 1107 2256 tempus
1150 2187 1442 2239 accidisset.

263 2259 476 2312 Relatio
511 2260 746 2312 criminis
781 2264 877 2329 est,
918 2279 1039 2313 cum
1080 2279 1197 2313 reus
1237 2261 1306 2328 id,
1348 2261 1489 2329 quod
1530 2260 1789 2328 arguitur,

51 2347 92 2380 30
118 2333 390 2386 confessus
446 2333 664 2385 alterius
721 2353 776 2386 se
829 2334 1107 2386 inductum
1160 2337 1381 2403 peccato
1436 2334 1550 2385 iure
1600 2334 1790 2385 fecisse

119 2407 466 2460 demonstrat.
512 2406 595 2458 Ea
627 2410 709 2458 est
738 2407 1067 2460 huiusmodi:
1100 2407 1360 2459 Horatius
1396 2407 1582 2459 occisis
1615 2407 1789 2459 tribus

119 2478 372 2532 Curiatiis
414 2482 466 2531 et
506 2479 711 2533 duobus
746 2481 957 2533 amissis
988 2481 1247 2533 fratribus
1281 2481 1497 2532 domum
1532 2498 1586 2531 se
1617 2481 1792 2532 victor

117 2553 321 2621 recipit.
396 2551 450 2604 Is
507 2553 887 2606 animadvertit
941 2573 1180 2606 sororem
1235 2573 1388 2606 suam
1443 2554 1505 2605 de
1540 2553 1791 2605 ‘fratrum

118 2630 291 2679 morte
330 2644 439 2678 non
470 2627 823 2694 laborantem,
864 2628 1049 2695 sponsi
1083 2630 1260 2679 autem
1291 2645 1488 2679 nomen
1521 2628 1791 2696 appellan-

52 2713 94 2746 35
118 2703 227 2752 tem
274 2699 565 2751 identidem
606 2698 831 2752 Curiatii
877 2719 996 2753 cum
1046 2701 1249 2770 gemitu
1298 2705 1351 2752 et
1391 2701 1792 2753 lamentatione.

117 2773 338 2842 Indigne
378 2791 569 2841 passus
611 2773 872 2840 virginem
912 2775 1119 2826 occidit.
1181 2774 1493 2826 Accusatur.
1555 2773 1790 2826 Intentio
1826 2776 1880 2813 79

120 2849 222 2898 est:
272 2846 493 2898 ‘Iniuria
544 2864 782 2898 sororem
834 2847 1105 2899 occidisti.'
1183 2846 1443 2916 Depulsio
1496 2850 1600 2899 est:
1654 2846 1793 2898 ‘Iure
