2080 3204
194 135 236 179 X
530 131 955 176 MEMORABILIA
986 131 1170 176 VITAE
1204 131 1516 176 CICERONIS

447 316 450 363 Ι
480 367 750 420 vexaverat,
786 364 1145 420 repetundarum
1186 365 1469 419 postulatum
1511 364 1561 407 in
1591 365 1706 409 iudi-

479 425 597 467 cium
633 423 804 467 vocat.¹
864 422 934 464 Ad
973 421 1111 465 istam
1143 436 1328 466 causam
1359 423 1561 478 pertinet
1590 424 1708 468 divi—

447 367 451 548 3
478 484 604 526 ‘natio
642 483 695 525 iu
729 480 778 536 Q.
815 479 1058 524 Caecilium
1091 482 1137 522 et
1169 481 1301 524 Actio
1325 483 1482 536 prima
1511 483 1563 525 in
1605 482 1707 526 Ver·

479 555 580 584 rem.
652 540 860 583 Actionis
898 540 1116 582 secundae
1157 540 1265 582 libri
1303 541 1496 596 quinque
1534 541 1707 596 postea,

481 599 619 642 Verre
651 599 744 641 iam
778 597 1030 650 exsulante,
1064 598 1313 652 conscripti
1346 601 1463 643 sunt.

538 657 635 700 Hoc
683 669 800 698 anno
842 655 890 697 L.
933 655 1144 698 Aurelius
1189 655 1326 700 Cotta
1370 658 1555 712 praetor
1601 657 1712 701 tulit

479 716 629 771 legem
674 713 963 756 iudiciariam
1001 714 1058 756 ad
1101 715 1345 770 populum,
1393 728 1485 770 qua
1522 715 1710 771 iudicia,

479 786 595 827 quae
644 771 747 827 lege
788 771 998 815 Cornelia
1043 785 1184 827 penes
1233 776 1466 818 senatores
1513 774 1710 828 fuerant,

479 831 815 875 communicata
862 832 969 873 sunt
1013 844 1114 874 cum
1162 832 1392 886 equitibus
1431 836 1478 876 et
1515 832 1711 876 tribunis

479 888 679 932 aerariis.
742 889 1010 933 Tribunicia
1047 892 1254 945 potestas
1293 891 1341 934 in
1381 891 1614 947 integrum
1643 905 1709 935 re-

314 954 317 989 l
482 949 646 991 stituta
678 950 757 992 est.
915 1000 919 1003 ,

209 1014 317 1054 685<
355 1013 410 1052 69
481 1006 601 1051 Coss
661 1006 718 1109 ἕ.
773 1005 1065 1062 Hortensius,
1129 1007 1178 1063 Q.
1230 1007 1451 1052 Caecilius
1505 1009 1713 1053 Metellus
1780 1012 1835 1052 38

315 1068 318 1106 ἐ
695 1066 872 1108 reticus.
1562 1068 1566 1073 ’

541 1124 697 1167 Cicero
721 1125 882 1167 aedilis
904 1122 1050 1167 trinos
1074 1123 1210 1166 ludos
1242 1124 1356 1168 facit
1383 1126 1564 1170 modico
1590 1139 1710 1170 sum-

315 1178 319 1267 i
481 1183 603 1239 ptu.²
664 1183 734 1225 M.
761 1182 1002 1226 Fonteium
1022 1196 1090 1247 ‘ex
1115 1181 1267 1226 Gallia
1291 1184 1541 1239 provincia,
1574 1198 1711 1239 quam

316 1270 318 1298 ,
482 1256 563 1298 pro
602 1241 814 1297 praetore
852 1254 935 1297 per
974 1242 1222 1284 trlennium
1260 1244 1462 1296 rexerat,
1501 1246 1711 1298 repetun-

316 1303 319 1385 ι
483 1301 642 1343 darum
682 1313 832 1353 reum,
874 1299 1080 1343 oratione
1122 1299 1344 1344 defendit.
1407 1302 1478 1344 Ad
1517 1302 1712 1345 eundem

316 1388 320 1418 ,
481 1373 649 1402 annum
674 1357 914 1401 referenda
938 1358 1123 1401 videtur
1158 1359 1303 1402 oratio
1322 1373 1410 1414 pro
1427 1362 1485 1402 A.
1506 1359 1711 1404 Caecina.

485 1417 605 1461 Coss.
652 1416 708 1459 L.
745 1417 968 1460 Caecilius
998 1416 1226 1470 Metellus,
1270 1416 1320 1473 Q,
1356 1418 1568 1462 Marcius
1598 1418 1710 1464 Rex.
1782 1421 1838 1462 39

540 1477 641 1520 Hoc
679 1489 799 1518 anno
842 1474 1070 1531 incipiunt
1108 1475 1340 1519 Ciceronis
1387 1476 1608 1532 epistolae
1655 1478 1714 1520 ad

482 1535 702 1617 Atticum.
772 1533 821 1578 L.
864 1533 1021 1577 Cicero
1062 1534 1120 1577 M.
1169 1534 1314 1577 frater
1351 1536 1574 1590 patruelis
1615 1549 1713 1580 mo-

482 1593 610 1637 ritur.

213 1658 321 1700 687:
359 1658 413 1697 67
484 1651 603 1695 Coss
655 1651 701 1694 C.
731 1649 1006 1706 Calpurnius
1033 1651 1155 1702 Piso,
1189 1651 1274 1693 M’.
1301 1651 1481 1696 Acilius
1513 1652 1713 1698 Glabrio.
1782 1657 1838 1695 40

450 1665 455 1764 3
543 1709 702 1753 Cicero
743 1711 1002 1764 praeturam
1043 1709 1164 1764 petit
1207 1711 1255 1752 et
1284 1709 1404 1753 inter
1444 1713 1547 1754 octo
1586 1725 1714 1766 prae-

318 1784 324 2006 ἱ
451 1765 455 1820 Ι
482 1772 604 1812 tores
635 1768 809 1824 primus
833 1767 1138 1823 designatur.4
1189 1768 1322 1812 Anno
1355 1770 1546 1812 exeunte
1569 1769 1712 1813 filiam

212 1423 294 1464 686
316 1419 321 1537 ι
359 1423 412 1463 68

451 1824 455 1897 3
482 1827 682 1870 Tulliam
717 1824 764 1868 C.
797 1826 953 1869 Pisoni
977 1825 1024 1869 L.
1051 1825 1099 1869 F.
1129 1826 1272 1882 Frugi
1303 1827 1571 1883 despondet,
1603 1842 1714 1872 non-

452 1906 455 1921 1
484 1886 593 1928 dum
617 1885 835 1937 nubilem,
868 1885 1040 1940 nuptiis
1064 1886 1112 1928 in
1137 1898 1305 1928 annum
1335 1886 1502 1929 abhinc
1525 1887 1713 1931 tertium

452 1923 457 2013 Ι
484 1945 655 1987 dilatis,
710 1943 820 1986 Eius
852 1945 960 1986 anni
992 1946 1061 1987 est
1095 1957 1155 1987 or.
1189 1957 1271 1998 pro
1305 1944 1491 2000 Oppio.⁵

544 2003 623 2046 Cn.
641 2002 861 2057 Pompeio
885 2003 1055 2057 Magno
1080 2002 1251 2045 bellum
1278 2003 1496 2046 adversus
1519 2002 1715 2059 piratas⁶

484 2060 688 2104 defertur
726 2060 828 2116 lege
862 2061 1069 2104 Gabinia.
1133 2059 1180 2102 L.
1221 2060 1412 2104 Roscius
1447 2062 1567 2105 Otho
1605 2062 1712 2106 trib.

484 2119 546 2176 pl.
579 2120 730 2174 legem
768 2119 898 2173 tulit,
938 2122 990 2162 ut
1029 2118 1206 2173 equites
1245 2120 1293 2162 in
1325 2119 1442 2162 XIV.
1477 2120 1713 2164 ordinibus

454 2213 456 2236 .
487 2177 783 2233 spectarent.⁷

215 2242 324 2293 688¹.
362 2241 417 2281 66
454 2253 457 2279 ε
488 2236 610 2280 Coss,
645 2236 730 2278 M’.
748 2235 969 2278 Aemilius
981 2234 1196 2290 Lepidus,
1214 2235 1270 2278 L.
1297 2236 1526 2281 Volcatius
1541 2237 1713 2281 Tullus.
1782 2242 1836 2280 41

454 2293 457 2329 ’ῑ
546 2295 701 2339 Cicero
726 2298 992 2350 praeturam
1016 2294 1153 2349 gerit3
1187 2295 1283 2337 eius
1307 2295 1451 2338 frater
1476 2294 1527 2347 Q.
1554 2295 1711 2338 aedili·

321 2339 326 2449 i
454 2338 457 2403 3
485 2356 630 2397 tatem
662 2354 792 2409 petit.
848 2352 951 2407 Ipse
985 2352 1239 2396 orationem
1263 2367 1353 2408 pro
1385 2355 1473 2411 leye
1506 2354 1715 2398 Manilia

454 2405 512 2455 'a
549 2412 654 2454 trib.
695 2412 756 2467 pl.
800 2411 846 2454 C.
880 2410 1070 2454 Manilio
1106 2413 1400 2467 promulgata
1439 2413 1622 2467 habuit,
1662 2415 1715 2456 ut

453 2450 457 2510 3
486 2471 659 2513 bellum
700 2483 801 2512 cum
834 2469 1104 2513 Mithridate
1137 2484 1164 2513 a
1194 2470 1386 2514 Lucullo
1419 2472 1600 2526 gestum
1634 2470 1712 2514 Cn.
1742 2463 1746 2510 Ι

453 2513 706 2586 {Pompeio
744 2527 913 2584 Magno
961 2528 1334 2572 committeretur.
1404 2528 1578 2573 Eodem
1625 2512 1746 2583 hocf

324 2721 362 2774 1)
396 2719 562 2762 Brutus
588 2723 671 2761 319
705 2717 784 2761 cfr.
811 2717 938 2760 Verr.
962 2716 996 2771 I,
1021 2723 1061 2761 3.
1154 2719 1198 2771 2)
1229 2717 1277 2760 in
1308 2717 1397 2761 Pis.
1426 2723 1463 2762 1.
1499 2718 1625 2761 Verr.
1650 2717 1706 2769 ΙΙ,
1731 2721 1773 2772 5,
1796 2721 1866 2763 35.

203 2792 286 2834 pro
318 2779 432 2821 Mur.
459 2783 527 2821 40.
564 2777 619 2820 de
647 2776 729 2820 Off.
756 2776 812 2831 II,
839 2781 906 2819 59.
947 2776 1067 2819 Plut.
1096 2774 1187 2820 Cic.
1215 2781 1251 2820 9.
1278 2778 1388 2819 extr.
1479 2778 1523 2830 3)
1557 2775 1616 2819 ad
1638 2778 1734 2820 Att.
1768 2776 1802 2829 I,
1826 2781 1866 2820 5.

203 2840 247 2890 4)
280 2850 362 2892 pro
386 2836 491 2891 lege
507 2836 628 2880 Man.
648 2840 687 2878 2.
715 2835 840 2878 Brut.
861 2839 957 2878 321.
1043 2838 1086 2890 5)
1115 2834 1269 2888 Quint.
1288 2835 1342 2889 V,
1364 2839 1430 2889 10,
1449 2838 1517 2878 69.
1604 2836 1649 2891 6)
1665 2834 1869 2890 prolege

205 2895 327 2938 Man.
361 2899 413 2938 31
458 2908 554 2949 sqq.
656 2895 699 2948 7)
733 2906 815 2949 pro
848 2893 963 2938 Mur.
997 2896 1066 2937 49.
