2080 3204
181 77 256 128 40
812 74 896 118 AD
930 75 978 120 C.
1010 72 1376 118 HERENNIUM

182 216 293 250 non
332 197 599 265 licuisset,
647 196 1051 260 reducerentur,
1098 194 1240 245 idem
1279 193 1551 261 posterius
1590 193 1882 246 immutata

184 272 490 339 voluntate,
539 289 659 324 cum
711 269 933 322 eandem
980 268 1158 336 legem
1204 266 1394 334 ferret,
1443 267 1604 319 aliam
1645 285 1702 320 se
1740 267 1880 320 ferre

187 345 386 397 diceret
428 347 674 414 [propter
712 342 990 394 nominum
1031 339 1558 406 commutationem]:
1604 360 1732 393 nam
1771 359 1879 393 non

187 419 420 486 exsuleS,
461 418 553 470 sed
594 417 648 468 vi
696 416 891 468 eiectos
942 432 997 465 se
1037 413 1288 465 reducere
1331 414 1570 480 [aiebat]
1648 414 1880 467 Proinde

188 493 344 562 quasi
381 492 436 544 id
466 491 660 543 fuisset
692 490 747 540 in
781 487 1164 555 controversia,
1199 505 1304 555 quo
1336 487 1419 539 illi
1449 488 1665 541 nomine
1699 489 1879 558 appel·
1926 503 1948 536 5

187 567 430 618 larentur
479 568 572 617 aut
618 562 842 632 proinde
891 561 1046 629 quasi
1093 579 1201 613 non
1242 579 1450 629 omneS,
1505 561 1698 630 quibus
1740 580 1880 630 aqua

188 643 241 692 et
272 640 386 708 igni
417 637 764 690 interdictum
791 638 888 703 est,
915 635 1125 687 exsules
1160 635 1513 703 appellentur.
1560 634 1765 688 Verum
1796 636 1882 688 illi

185 713 419 765 fortasse
467 710 821 781 ignoscimUS,
871 709 916 761 si
967 727 1088 761 cum
1141 727 1303 761 causa
1352 707 1504 776 fecit3
1551 726 1650 761 nos
1696 712 1882 762 tamen

187 787 570 854 intellegamus
621 783 879 837 vitiosum
936 800 1051 835 esse
1113 781 1394 834 intendere
1457 783 1880 836 controversiam

100 890 168 942 29
188 863 410 929 propter
448 858 732 911 nominum
772 857 1145 909 mutationem.
1905 872 1949 904 10

99 967 154 1006 46

337 932 602 994 Quoniam
644 931 921 984 exornatio
963 933 1179 983 constat
1219 948 1282 981 ex
1324 929 1590 982 similibus
1624 933 1678 982 et
1710 948 1882 983 exem-

188 1007 294 1076 plis
338 1008 414 1073 [et
456 1005 969 1075 amplificationibus
1011 1008 1064 1056 et
1095 1005 1256 1056 rebus
1288 1003 1561 1070 iudicatis]
1604 1007 1658 1056 et
1690 1004 1881 1057 ceteris

188 1081 363 1148 rebUS,
413 1098 548 1149 quae
594 1079 870 1148 pertinent
918 1079 985 1130 ad
1033 1077 1400 1146 exaugendam
1449 1081 1502 1130 et
1549 1078 1883 1146 conlocuple-

189 1155 410 1207 tandam
459 1153 1010 1223 argumentationem,
1060 1171 1194 1220 quae
1244 1151 1353 1204 sint
1400 1152 1485 1204 his
1534 1153 1694 1204 rebus
1734 1152 1883 1220 vitia,

190 1228 603 1281 consideremus
645 1225 832 1278 Simile
857 1226 1114 1278 vitiosum
1141 1229 1238 1294 est,
1264 1225 1406 1294 quod
1432 1244 1494 1278 ex
1527 1226 1711 1294 aliqua
1726 1229 1882 1294 parte
1909 1241 1952 1273 15

190 1302 451 1354 dissimile
493 1305 574 1354 est
613 1319 710 1353 nec
748 1300 913 1353 habet
943 1318 1131 1369 parem
1163 1300 1430 1352 rationem
1463 1300 1883 1368 comparationis

192 1380 286 1429 aut
318 1376 422 1428 sibi
453 1376 560 1444 ipsi
593 1376 749 1428 obest
783 1374 875 1442 qui
901 1373 1088 1426 adfert.
1152 1374 1478 1443 Exemplum
1503 1374 1761 1426 vitiosum
1786 1377 1884 1442 est,

192 1451 237 1502 si
271 1453 364 1502 aut
395 1449 595 1502 falsum
629 1452 726 1516 est,
758 1451 819 1499 ut
852 1447 1288 1516 reprehendatur,
1323 1451 1416 1499 aut
1443 1447 1533 1514 [si]
1560 1447 1884 1516 improbum,

189 1528 251 1575 ut
304 1542 414 1576 non
463 1523 534 1574 sit
589 1522 936 1588 imitandum,
993 1524 1086 1573 aut
1133 1521 1306 1573 maius
1356 1526 1449 1573 aut
1490 1521 1680 1589 minUS,
1722 1540 1884 1590 quam

191 1616 277 1649 res
324 1597 584 1666 postulat.
662 1596 768 1648 Res
819 1595 1055 1647 iudicata
1100 1595 1296 1647 vitiose
1342 1595 1663 1663 proferetur,
1704 1595 1750 1647 si
1790 1598 1884 1647 aut
1908 1611 1951 1642 20

193 1671 443 1723 dissimili
485 1671 547 1722 de
587 1688 644 1722 re
683 1669 989 1738 proferetur
1031 1671 1148 1734 [aut
1188 1669 1251 1719 de
1293 1687 1354 1720 ea
1393 1687 1472 1736 re,
1514 1669 1578 1720 de
1620 1687 1726 1736 qua
1765 1687 1886 1721 con-

192 1745 460 1798 troversia
499 1762 609 1796 non
649 1745 777 1811 est],
827 1746 921 1795 aut
969 1742 1031 1794 de
1080 1742 1331 1812 improba
1372 1747 1464 1794 aut
1505 1742 1568 1794 de
1609 1742 1886 1810 eiusmodi,

190 1823 252 1871 ut
293 1822 386 1871 aut
425 1819 608 1887 plures
650 1820 744 1869 aut
784 1817 959 1886 magis
999 1816 1222 1869 idoneae
1262 1835 1346 1868 res
1387 1816 1653 1869 iudicatae
1694 1816 1762 1868 ab
1799 1817 1886 1869 ad-

192 1893 444 1945 versariis
485 1891 718 1961 proferri
756 1891 983 1960 possint.
1035 1889 1175 1942 Item
1214 1890 1473 1943 vitiosum
1514 1893 1597 1942 est
1635 1890 1703 1958 id,
1745 1890 1887 1959 quod

194 1966 490 2019 adversarii
521 1965 727 2018 factum
761 1983 877 2016 esse
911 1965 1284 2030 confiteantur,
1325 1965 1387 2016 de
1421 1982 1482 2017 eo
1517 1964 1886 2033 argumentari
1910 1980 1954 2012 25

193 2044 247 2092 et
286 2041 509 2109 planum
547 2039 722 2090 facere
760 2038 966 2091 factum
1007 2056 1144 2106 esse3
1184 2056 1309 2089 nam
1348 2037 1405 2090 id
1437 2038 1623 2107 augeri
1655 2041 1885 2107 oportet.

193 2113 332 2166 Item
382 2113 640 2165 vitiosum
689 2115 771 2164 est
821 2112 875 2164 id
925 2130 1143 2181 augere,
1192 2111 1334 2180 quod
1382 2111 1634 2164 convenit
1684 2112 1886 2180 docere,

193 2188 296 2241 hoc
336 2188 522 2240 modo:
563 2190 624 2238 ut
665 2186 711 2237 si
751 2186 868 2255 quis
904 2204 1061 2254 quem
1095 2188 1290 2255 arguat
1323 2186 1596 2238 hominem
1629 2185 1886 2238 occidisse

196 2265 264 2330 et,
306 2265 594 2330 antequam
643 2260 777 2312 satis
825 2259 1046 2311 idoneas
1089 2259 1584 2328 argumentationes
1626 2259 1886 2328 attulerit,

197 2339 393 2405 augeat
432 2337 713 2404 peccatum
762 2336 816 2385 et
872 2333 1015 2385 dicat
1053 2333 1191 2384 nihil
1230 2333 1503 2403 indignius
1551 2352 1668 2386 esse
1723 2352 1885 2402 quam
1911 2349 1955 2381 30

194 2409 470 2461 hominem
511 2408 764 2460 occidere.
827 2405 952 2459 Non
995 2407 1150 2473 enim,
1182 2410 1366 2459 utrum
1395 2407 1677 2477 indignum
1714 2407 1786 2459 sit
1817 2426 1888 2460 an

196 2501 319 2550 non,
363 2483 456 2534 sed
495 2481 768 2534 factumne
810 2481 897 2549 sit,
939 2481 1226 2549 quaeritur.

347 2554 660 2624 Complexio
680 2555 878 2608 vitiosa
904 2559 1000 2623 est,
1019 2573 1153 2624 quae
1179 2573 1300 2622 non,
1318 2557 1379 2607 ut
1398 2554 1630 2623 quidque
1652 2554 1887 2624 primum

198 2630 401 2682 dictum
443 2633 546 2697 est,
600 2629 879 2698 [primum]
930 2629 1309 2698 complectitur
1357 2632 1410 2681 et
1450 2647 1584 2698 quae
1623 2647 1734 2682 non
1771 2629 1888 2681 bre-

196 2704 337 2755 viter
376 2703 712 2755 concluditur
751 2706 805 2754 et
846 2721 980 2770 quae
1011 2721 1118 2755 non
1153 2721 1216 2754 ex
1249 2702 1650 2755 enumeratione
1682 2706 1888 2755 certum
1912 2716 1956 2748 35

198 2781 252 2829 et
285 2780 538 2829 constans
573 2776 776 2845 aliquid
808 2776 1081 2845 relinquit,
1119 2779 1181 2828 ut
1211 2776 1576 2846 intellegatur,
1609 2776 1736 2845 quid
1768 2794 1888 2846 pro·

196 2850 436 2920 positum
483 2850 540 2901 in
588 2850 1058 2920 argumentatione
1106 2850 1199 2918 sit,
1249 2850 1377 2918 quid
1429 2850 1616 2903 deinde
1662 2850 1888 2918 ratione,
