2075 3235
177 287 208 338 8

162 361 217 399 25

156 1351 209 1389 26

156 1935 209 1974 27

158 2665 213 2705 28

235 120 340 172 182
827 117 906 160 DE
938 115 1315 160 INVENTIONE
1851 120 1907 160 66

236 257 498 306 accusare,
539 239 631 291 sed
661 238 818 290 huius
854 235 1132 288 accusandi
1166 253 1326 286 causa
1362 234 1639 288 defendere
1680 234 1908 287 alterum

236 313 492 364 videatur.
582 313 760 379 Atque
816 308 1112 360 accusatori
1168 307 1379 374 quidem
1433 307 1564 360 haec
1617 307 1727 360 fere
1783 311 1909 360 sunt

239 387 318 451 [in
359 403 518 437 causa
556 383 806 447 faciendi]
850 380 1248 433 consideranda.
1324 379 1587 432 Defensor
1627 384 1806 433 autem
1846 398 1911 432 ex

236 458 505 511 contrario
554 458 787 524 primum
835 454 1213 522 impulsionem
1261 456 1353 504 aut
1390 453 1595 505 nullam
1634 453 1798 505 fuisse
1837 453 1909 504 di-

237 535 320 584 cet
368 535 481 596 aut,
539 531 581 579 si
628 529 793 579 fuisse
841 527 1114 592 concedet,
1170 526 1478 578 extenuabit
1525 529 1578 577 et
1630 527 1910 595 parvulam
1956 540 1976 572 5

238 604 503 672 quandam
551 601 716 652 fuisse
765 599 1154 651 demonstrabit
1201 603 1294 650 aut
1341 617 1451 651 non
1505 616 1568 650 ex
1624 617 1686 651 ea
1739 599 1911 651 solere

237 674 541 728 huiusmodi
587 674 731 725 facta
777 673 925 725 nasci
973 672 1197 724 docebit.
1274 670 1389 732 Quo
1438 671 1540 723 erit
1577 672 1634 722 in
1671 672 1788 724 loco
1829 671 1912 724 de-

239 747 662 813 monstrandum,
704 764 837 813 quae
877 746 957 798 vis
999 749 1052 797 et
1090 747 1285 797 natura
1325 745 1395 796 sit
1434 745 1546 796 eius
1584 743 1913 812 adfectioniS,

239 840 343 889 qua
383 821 644 889 impulsus
686 819 889 887 aliquid
927 836 1049 870 reus
1089 818 1419 870 commisisse
1455 818 1679 885 dicetur3
1718 818 1775 869 in
1808 835 1912 886 quo

239 898 291 945 et
333 894 578 962 exempla
618 897 671 944 et
711 891 1088 944 similitudines
1123 894 1277 942 erunt
1315 890 1664 959 proferendae
1704 894 1757 942 et
1795 891 1915 960 ipsa
1939 905 1980 936 10

239 967 524 1036 diligenter
592 970 784 1018 natura
848 965 959 1016 eius
1024 964 1335 1016 adfectionis
1400 966 1581 1033 [quam
1644 964 1914 1016 levissime

239 1040 632 1108 quietissimam
680 1039 747 1090 ad
793 1039 1025 1107 partem]
1077 1037 1410 1105 explicanda,
1461 1041 1521 1088 ut
1567 1040 1621 1088 et
1665 1055 1750 1088 res
1795 1037 1916 1104 ipsa

240 1132 271 1166 a
316 1113 461 1165 facto
514 1112 711 1164 crudeli
759 1115 811 1163 et
858 1111 1170 1163 turbulento
1218 1110 1284 1162 ad
1335 1109 1601 1178 quoddam
1641 1110 1823 1161 mitius
1864 1113 1918 1162 et

237 1186 578 1254 tranquillius
633 1185 947 1237 traducatur
1002 1187 1055 1235 et
1111 1184 1283 1236 oratio
1325 1187 1518 1235 tamen
1564 1183 1631 1235 ad
1679 1183 1917 1235 animum

240 1260 374 1327 01115,
424 1259 515 1327 qui
556 1259 754 1325 audiet,
808 1261 860 1309 et
901 1257 967 1308 ad
1007 1257 1170 1308 animi
1211 1256 1474 1325 quendam
1513 1256 1764 1308 intimum
1804 1273 1916 1308 sen·
1942 1268 1983 1302 15

245 1351 362 1384 sum
396 1331 847 1384 adcommodetur.
911 1330 1362 1382 Ratiocinationis
1389 1332 1567 1381 autem
1593 1329 1916 1398 suspitiones

240 1406 549 1470 infirmabit,
592 1405 636 1456 si
678 1408 770 1456 aut
811 1403 1147 1456 commodum
1186 1403 1395 1454 nullum
1438 1406 1529 1454 aut
1559 1421 1784 1471 parvum
1824 1405 1918 1455 aut

241 1480 361 1531 aliis
418 1479 589 1530 maius
639 1496 753 1529 esse
803 1481 895 1529 aut
942 1477 1112 1528 nihilo
1163 1476 1263 1527 sibi
1310 1476 1505 1542 maius,
1562 1494 1722 1543 quam
1783 1476 1918 1543 aliis,

241 1556 334 1603 aut
372 1551 770 1604 incommodum
810 1550 913 1601 sibi
952 1550 1140 1616 maiUS,
1181 1567 1340 1616 quam
1381 1549 1717 1601 commodum
1757 1548 1919 1616 dicet3
2015 1601 2020 1603 a

239 1630 300 1676 ut
338 1642 675 1692 nequaquam
713 1623 877 1674 fuerit
915 1623 1060 1673 illius
1110 1621 1398 1688 commodi,
1446 1622 1587 1689 quod
1626 1623 1918 1690 expetitum
1943 1637 1985 1668 20

241 1698 464 1763 dicatur,
504 1696 818 1765 magnitudo
853 1699 946 1748 aut
978 1714 1098 1747 cum
1130 1713 1191 1746 eo
1223 1695 1577 1763 incommodo,
1617 1695 1759 1764 quod
1790 1695 1921 1747 acci·

241 1771 398 1837 derit,
448 1773 541 1822 aut
589 1789 708 1822 cum
758 1769 853 1820 illo
894 1769 1154 1837 pericu10,
1204 1768 1345 1836 quod
1385 1768 1660 1836 subeatur,
1710 1787 1920 1837 compa-

242 1843 432 1910 randa3
472 1845 563 1911 qui
596 1860 780 1895 omnes
823 1842 928 1895 loci
968 1842 1213 1893 similiter
1250 1841 1307 1893 in
1346 1842 1672 1894 incommodi
1712 1859 1955 1910 quoque,

243 1918 503 1969 vitatione
551 1917 943 1969 tractabuntur.
1022 1913 1115 1966 Sin
1156 1919 1433 1967 accusator
1473 1915 1668 1966 dixerit
1707 1933 1826 1967 eum
1866 1915 1921 1966 id

242 2008 357 2042 esse
406 1993 669 2057 secutum,
717 1989 858 2058 quod
906 1989 953 2040 ei
998 1990 1173 2040 visum
1215 1989 1286 2040 sit
1326 1988 1684 2056 commodum,
1735 1991 1828 2040 aut
1866 1987 1921 2040 id
1945 2001 1986 2033 25

241 2063 462 2132 fugisse,
503 2063 645 2130 quod
675 2062 882 2131 putarit
914 2079 1027 2114 esse
1059 2061 1469 2129 incommodum,
1509 2080 1834 2130 quamquam
1864 2060 1921 2113 in

241 2136 383 2188 falsa
427 2136 590 2187 fuerit
643 2136 914 2204 opinione,
971 2134 1444 2187 demonstrandum
1500 2135 1600 2186 erit
1655 2134 1922 2187 defensori

242 2210 508 2261 neminem
556 2213 741 2261 tantae
782 2226 897 2260 esse
937 2208 1223 2274 stultitiae,
1272 2208 1362 2276 qui
1408 2208 1508 2259 tali
1556 2208 1614 2259 in
1650 2226 1708 2260 re
1745 2207 1922 2276 possit

242 2283 526 2334 veritatem
566 2282 831 2351 ignorare.
903 2281 1107 2342 Quodsi
1144 2281 1231 2333 hic
1270 2281 1602 2349 concedatur,
1640 2281 1776 2333 illud
1812 2299 1923 2334 non

244 2373 552 2408 concessum
599 2355 687 2422 iri,
733 2373 799 2406 ne
848 2355 1121 2406 dubitasse
1170 2354 1381 2422 quidem
1437 2373 1579 2421 eum,
1636 2353 1763 2422 quid
1810 2354 1989 2406 0111530

237 2429 373 2497 juris
415 2432 579 2494 esset,
620 2432 672 2481 et
711 2428 787 2495 id,
828 2427 969 2496 quod
1007 2427 1204 2480 falsum
1242 2427 1421 2495 fuerit,
1472 2428 1586 2479 sine
1624 2428 1737 2480 ulla
1776 2427 1923 2479 dubi-

243 2502 450 2553 tatione
490 2520 587 2570 pro
629 2519 754 2553 vero
794 2502 1071 2569 probasse,
1115 2501 1239 2569 quia
1280 2501 1325 2552 si
1370 2501 1643 2568 dubitarit,
1684 2519 1922 2553 summae

243 2574 410 2626 fuisse
458 2574 724 2627 amentiae
773 2575 933 2626 dubia
989 2593 1080 2642 spe
1120 2574 1413 2642 impulsum
1453 2577 1656 2626 certum
1693 2574 1750 2626 in
1787 2574 1923 2643 peri-

247 2648 425 2699 culum
452 2666 506 2700 se
533 2648 883 2700 committere.
939 2646 1397 2708 Quemadmodum
1423 2650 1602 2699 autem
1628 2651 1922 2711 accusator,

245 2739 365 2774 cum
406 2720 472 2773 ab
515 2721 634 2772 aliis
676 2721 890 2790 culpam
931 2720 1256 2788 demovebit,
1308 2719 1600 2772 defensoris
1640 2720 1772 2773 locis
1811 2723 1923 2772 ute·
1945 2733 1988 2766 35

245 2799 349 2857 tur,
390 2793 464 2845 510
497 2794 561 2845 115
597 2795 743 2861 10015,
784 2794 874 2862 qui
908 2794 1202 2845 accusatori
1221 2794 1351 2845 -dati
1391 2797 1529 2861 sunt,
1569 2796 1749 2846 utetur
1787 2811 1922 2860 10115,

246 2884 366 2919 011111
405 2866 461 2917 111
501 2867 636 2919 alios
679 2868 745 2919 ab
789 2885 844 2919 se
885 2867 1086 2919 crimen
1127 2867 1274 2919 volet
1314 2866 1621 2918 transferre.
