2075 3235
287 134 392 186 186
891 134 969 178 DE
1002 133 1382 179 INVENTIONE
1540 160 1552 172 .
1905 141 1962 181 ‘10

283 253 386 305 tali
425 253 481 304 in
520 256 763 321 tempore
804 272 963 321 quam
1001 253 1291 322 plurimum
1329 255 1601 322 prodesse,
1650 253 1743 306 sed
1782 255 1962 307 subita

285 344 348 384 ex
398 326 794 392 criminatione,
843 344 975 393 quae
1023 326 1256 395 confingi
1305 328 1547 394 quamvis
1597 326 1734 378 false
1772 328 1961 396 possit,

283 417 391 450 non
440 417 502 450 ex
553 403 675 450 ante
725 402 842 450 acta
890 399 1024 464 vita,
1073 416 1206 466 quae
1253 417 1423 466 neque
1472 399 1539 451 ad
1577 403 1791 468 tempus
1829 400 1963 470 fingi

199 490 251 530 37
285 489 455 539 neque
496 472 608 522 ullo
651 471 808 522 modo
849 472 1045 523 mutari
1085 472 1273 539 possit,
1312 471 1487 524 facere
1525 472 1793 525 iudicium.
1870 471 1963 526 Sin

286 549 466 596 autem
522 545 577 594 in
625 548 748 594 ante
797 548 917 596 acta
966 544 1080 596 vita
1127 545 1337 612 aliquae
1383 545 1744 613 turpitudines
1791 549 1962 614 erunt,
2007 560 2028 593 5

287 623 379 669 aut
426 616 565 668 falso
626 616 833 668 venisse
879 619 935 668 in
983 635 1100 669 eam
1147 618 1598 670 existimationem
1648 618 1852 671 dicetur
1898 637 1962 671 ex

287 690 589 756 aliquorum
645 689 845 742 invidia
896 686 993 742 aut¹
1043 690 1434 742 obtrectatione
1498 694 1591 743 aut
1650 690 1792 743 falsa
1853 692 1963 760 opi-

285 764 465 828 nione,
522 764 614 813 aut
669 762 1079 830 imprudentiae,
1136 764 1558 832 [necessitudini,
1613 764 1963 833 persuasioni,

287 835 702 900 adulescentiae]
769 839 860 887 aut
927 836 1086 889 alicui
1138 855 1248 889 non
1301 837 1603 889 malitiosae
1659 837 1823 890 animi
1877 837 1963 890 ad-

286 908 504 960 fectioni
561 908 924 960 attribuentur
986 913 1078 961 aut
1138 910 1386 961 dissimili
1447 911 1502 962 in
1564 927 1756 980 genere
1809 910 1963 963 vitio·
1991 927 2030 959 10

286 1000 406 1033 rum
439 1022 451 1033 .
477 1021 487 1031 .
515 1021 525 1032 .
554 1022 578 1047 .,
618 986 679 1032 ut
719 982 927 1034 animus
960 1001 1067 1034 non
1109 983 1325 1035 omnino
1365 984 1588 1053 integer,
1629 984 1720 1036 sed
1760 984 1826 1036 ab
1866 984 1965 1036 tali

287 1054 446 1122 culpa
486 1057 723 1106 remotus
765 1073 878 1107 esse
919 1056 1175 1108 videatur.
1249 1058 1370 1122 [Ac]
1415 1057 1461 1108 si
1499 1057 1649 1109 nullo
1690 1057 1849 1110 modo
1888 1057 1965 1110 vi-

287 1131 374 1179 tae
413 1127 689 1195 turpitudo
743 1133 836 1180 aut
873 1128 1097 1181 infamia
1135 1130 1291 1181 leniri
1329 1131 1530 1198 poterit
1569 1130 1835 1196 oratione,
1878 1148 1967 1182 ne-

288 1218 415 1268 gare
457 1201 729 1269 oportebit
762 1201 825 1253 de
858 1202 972 1254 vita
1008 1204 1118 1254 eius
1160 1207 1212 1254 et
1252 1202 1315 1254 de
1355 1203 1594 1255 moribus
1636 1203 1834 1271 quaeri,
1874 1203 1967 1256 sed

288 1274 351 1325 de
403 1291 464 1326 eo
516 1275 756 1342 crimine,
813 1293 916 1343 quo
966 1275 1028 1327 de
1076 1280 1355 1344 arguatur,
1410 1294 1588 1345 quare,
1635 1280 1758 1329 ante
1802 1276 1964 1330 factis
1991 1290 2033 1324 15

290 1347 518 1415 omissiS,
557 1348 705 1415 illud,
746 1349 886 1416 quod
925 1349 1106 1417 instet,
1148 1350 1237 1418 agi
1276 1354 1538 1418 oportere.

437 1419 521 1471 Ex
559 1420 702 1473 facto
745 1427 924 1473 autem
963 1423 1081 1490 ipso
1123 1424 1449 1491 suspitiones
1487 1423 1758 1491 ducentur,
1799 1423 1843 1475 si
1882 1426 1967 1476 to-

288 1494 395 1545 tius
445 1493 839 1546 administratio
894 1496 1101 1564 negotii
1149 1514 1212 1547 ex
1260 1496 1507 1548 omnibus
1553 1496 1799 1565 partibus
1847 1514 1967 1566 per-

287 1567 670 1635 temptabitur3
711 1571 868 1635 atque
909 1586 1001 1619 eae
1041 1569 1365 1636 suspitiones
1404 1569 1607 1637 partim
1647 1587 1711 1621 ex
1748 1571 1966 1639 negotio

290 1641 600 1708 separatim,
646 1640 847 1708 partim
896 1642 1248 1693 communiter
1295 1659 1357 1693 ex
1403 1642 1646 1710 personis
1693 1645 1853 1710 atque
1903 1661 1967 1694 ex
1990 1656 2033 1689 20

287 1714 508 1782 negotio
556 1714 974 1781 proficiscentur.
1051 1714 1134 1766 Ex
1180 1715 1400 1784 negotio
1441 1715 1561 1767 duci
1599 1718 1873 1784 poterunt,
1922 1716 1969 1767 si

289 1804 377 1838 eas
418 1805 517 1853 reS,
559 1804 692 1853 quae
731 1788 964 1855 negotiis
1005 1788 1299 1841 attributae
1341 1791 1481 1857 sunt,
1521 1788 1807 1858 diligenter
1846 1807 1966 1841 con-

290 1860 657 1911 siderabimus
750 1859 832 1911 Ex
886 1861 953 1912 iis
1008 1862 1173 1930 igitur
1228 1863 1284 1913 in
1336 1861 1474 1914 hano
1528 1862 1967 1915 constitutionem
2011 1910 2014 1914 .

290 1934 572 1985 convenire
609 1933 856 1985 videntur
896 1951 1092 2003 genera
1133 1953 1314 1987 earum
1356 1935 1550 2002 omnia,
1588 1938 1770 2004 partes
1812 1952 1966 2004 gene-

202 2024 256 2063 39
291 2024 411 2058 rum
450 2007 748 2074 pleraeque.
810 2006 1005 2059 Videre
1036 2008 1204 2076 igitur
1234 2009 1468 2076 primum
1508 2008 1794 2076 oportebit,
1833 2026 1966 2077 quae
1991 2022 2034 2055 2⁵

290 2081 400 2131 sint
447 2078 777 2132 continentia
828 2099 946 2133 cum
986 2081 1104 2149 ipso
1143 2082 1385 2151 negotiO,
1433 2081 1533 2134 hoc
1573 2085 1676 2149 est,
1724 2099 1859 2150 quae
1899 2083 1966 2134 ab

289 2171 345 2204 re
385 2153 625 2221 separari
663 2171 774 2205 non
811 2155 1037 2222 possint.
1115 2153 1229 2215 Quo
1276 2154 1331 2206 in
1377 2155 1495 2206 loco
1537 2155 1669 2206 satis
1710 2155 1812 2206 erit
1851 2154 1968 2207 dili-

290 2230 477 2294 genter
510 2226 888 2293 considerasse,
930 2227 1055 2296 quid
1092 2228 1163 2279 sit
1195 2232 1317 2280 ante
1350 2245 1463 2279 rem
1504 2227 1720 2295 factum,
1760 2246 1823 2279 ex
1862 2246 1966 2297 quo

291 2317 413 2367 spes
453 2299 768 2367 perficiundi
806 2304 933 2352 nata
974 2303 1027 2351 et
1065 2300 1301 2352 faciundi
1339 2301 1570 2353 facultas
1611 2301 1856 2370 quaesita
1890 2301 1967 2353 vi-

291 2372 500 2439 deatur3
549 2372 674 2440 quid
720 2373 776 2424 in
820 2373 939 2441 ipsa
984 2391 1041 2425 re
1089 2374 1343 2443 gerenda,
1390 2374 1515 2442 quid
1560 2377 1750 2443 postea
1788 2392 1965 2427 conse-
1989 2388 2034 2422 30

291 2449 473 2497 cutum
521 2446 607 2498 sit.
691 2445 897 2498 Deinde
949 2446 1117 2515 ipsius
1167 2451 1249 2499 est
1288 2447 1495 2517 negotii
1541 2447 1715 2516 gestio
1761 2451 1966 2516 pertra-

291 2519 496 2570 ctanda.
573 2519 715 2571 Nam
754 2519 855 2572 hoc
895 2537 1062 2589 genus
1105 2539 1287 2572 earum
1327 2538 1528 2587 rerum,
1577 2538 1711 2588 quae
1748 2521 1967 2590 negotio

292 2596 417 2643 sunt
458 2592 771 2659 attributae,
813 2593 1042 2645 secundo
1083 2593 1138 2645 in
1177 2594 1295 2646 loco
1331 2593 1487 2646 nobis
1527 2597 1611 2646 est
1651 2594 1967 2662 expositum.

202 2682 259 2720 40
290 2664 407 2716 Hoc
441 2682 568 2733 ergo
601 2666 658 2717 in
690 2683 883 2735 genere
924 2667 1255 2735 spectabitur
1287 2667 1451 2734 locUS,
1483 2670 1711 2735 tempUS,
1743 2667 1967 2734 occasiO,

290 2737 543 2805 facultas3
584 2757 811 2807 quorum
843 2740 998 2791 unius
1033 2740 1287 2807 cuiusque
1320 2740 1399 2792 vis
1434 2740 1720 2809 diligenter
1750 2740 1807 2791 in
1845 2757 1966 2792 con·
1992 2752 2035 2786 3⁵

289 2811 606 2863 firmationis
653 2813 955 2881 praeceptis
1013 2813 1279 2880 explicata
1326 2816 1422 2864 est.
1507 2812 1702 2880 Quare,
1753 2830 1821 2864 ne
1875 2815 1968 2865 aut

288 2883 375 2936 hic
436 2902 544 2936 non
607 2886 945 2938 admonuisse
1009 2891 1101 2938 aut
1162 2904 1228 2938 ne
1283 2885 1465 2938 eadem
1519 2886 1716 2938 iterum
1771 2885 1967 2938 dixisse

206 1393 271 1444 12

200 1468 255 1507 38
