2080 3204
230 1108 255 1146 1³
231 1034 262 1083 Ν.)

284 81 357 129 44
847 77 930 122 AD
964 77 1009 122 C.
1043 75 1410 121 HERENNJUM

284 198 485 251 librum
523 199 919 266 transtulimUS,
958 200 1019 249 ut
1058 195 1233 247 omnis
1273 194 1585 248 inveniundi
1614 195 1973 264 praescriptio
2008 233 2011 236 -

285 271 388 323 tibi
435 290 595 340 quarn
644 273 878 341 primum
926 269 1334 337 persolveretur.
1405 269 1664 337 Reliquae
1716 271 1973 337 quattuor

284 348 470 412 partes
511 351 664 397 erant
705 344 933 396 artificii.
990 342 1069 394 De
1109 341 1284 393 tribus
1323 342 1571 410 partibus
1610 342 1667 393 in
1697 342 1800 394 hoc
1831 342 1972 394 libro

288 418 489 470 dictum
530 422 625 485 est,
665 417 1035 484 dispositione,
1074 415 1528 483 pronuntiatione,
1569 415 1842 468 memoria.
1890 414 1973 467 De

288 491 610 557 elocutione,
659 491 784 558 quia
831 490 990 559 plura
1036 488 1257 541 dicenda
1297 488 1637 554 videbantur,
1682 489 1740 540 in
1780 492 1972 558 quarto
2018 500 2042 534 ⁵

286 565 426 616 libro
475 565 808 616 conscribere
856 563 1167 629 maluimUS,
1222 579 1405 630 quem,
1454 564 1516 614 ut
1563 562 1821 629 arbitror,
1871 562 1974 614 tibi

286 638 486 689 librum
543 636 789 688 celeriter
842 637 1150 688 absolutum
1206 635 1508 703 mittemUS,
1569 653 1636 687 ne
1691 636 1818 703 quid
1872 635 1975 687 tibi

288 710 589 762 rhetoricae
631 710 763 762 artis
806 710 988 762 deesse
1028 708 1215 777 possit.
1268 708 1481 761 Interea
1520 708 1697 777 prima
1735 727 1974 778 quaeque

290 786 342 834 et
366 783 662 852 nobiscum,
690 802 809 835 cum
836 784 1001 850 voleS,
1035 786 1089 834 et
1112 782 1382 834 interdum
1415 782 1528 834 sine
1560 782 1720 834 nobis
1745 782 1974 852 legendo

297 874 640 924 consequere,
684 876 751 908 ne
798 857 925 925 quid
970 856 1284 924 impediare,
1332 856 1459 924 quin
1509 856 1575 908 ad
1628 855 1769 908 hanc
1823 855 1971 907 utili·
1997 871 2042 901 10

287 933 457 981 tatem
481 931 687 999 pariter
711 931 993 983 nobiscum
1017 929 1273 999 progredi
1296 930 1487 998 possis.
1528 928 1685 981 Nunc
1708 932 1768 982 tu
1789 928 1875 982 fac
1899 933 1976 982 at-

288 1007 495 1055 tentum
523 1009 576 1055 te
593 1005 876 1072 praebeas:
901 1022 1000 1056 nos
1025 1003 1291 1072 proficisci
1315 1003 1382 1055 ad
1399 1003 1651 1055 instituta
1675 1020 1974 1072 pergemus

438 1076 873 1129 Deliberationes
921 1077 1123 1146 partim
1173 1080 1298 1128 sunt
1338 1076 1619 1144 eiusmodi,
1658 1080 1720 1128 ut
1758 1095 1975 1144 quaera-

290 1154 393 1217 tur,
433 1154 613 1202 utrum
654 1151 835 1219 potius
876 1150 1180 1203 faciendum
1222 1150 1306 1218 sit,
1345 1151 1544 1219 partim
1587 1149 1864 1218 eiusmodi,
1900 1153 1975 1217 ut,

291 1223 417 1292 quid
455 1225 802 1293 potissimum
838 1223 1143 1277 faciendum
1184 1224 1276 1291 sit,
1317 1224 1699 1276 consideretur.
1776 1222 1975 1276 Utrum
2000 1236 2041 1270 15

288 1297 494 1366 potiUS,
542 1298 644 1350 hoc
683 1298 867 1350 modo:
916 1298 1199 1366 Karthago
1239 1298 1481 1350 tollenda
1521 1316 1590 1349 an
1628 1297 1977 1365 relinquenda

288 1371 546 1423 videatur.
602 1370 740 1432 Quid
778 1372 1138 1440 potissimum,
1168 1372 1269 1423 hoc
1308 1375 1490 1439 pacto:
1529 1375 1590 1422 ut
1623 1371 1669 1422 si
1701 1370 1975 1423 Hannibal

291 1446 562 1510 consulat,
616 1464 734 1497 cum
791 1464 853 1497 ex
908 1445 1071 1497 Italia
1132 1443 1526 1513 Karthaginem
1583 1445 1881 1511 arcessitur,
1920 1446 1978 1496 in

290 1517 451 1570 Italia
490 1522 788 1586 remaneat,
837 1537 904 1570 an
946 1519 1163 1571 domum
1201 1519 1406 1585 redeat,
1455 1537 1523 1569 an
1567 1519 1625 1569 in
1664 1519 1976 1587 Aegyptum

290 1591 563 1660 profectus
620 1595 844 1660 occupet
890 1591 1291 1645 Alexandriam.
1368 1592 1506 1643 Item
1562 1591 1973 1643 deliberationes
1999 1606 2044 1638 20

290 1665 490 1733 partim
531 1666 679 1733 ipsae
720 1668 942 1734 propter
984 1683 1038 1717 se
1079 1665 1465 1717 consultandae
1500 1668 1638 1731 sunt,
1678 1668 1738 1716 ut
1770 1666 1815 1716 si
1849 1666 1974 1717 deli-

290 1739 442 1790 beret
484 1742 723 1806 senatUS,
765 1739 1008 1806 captivos
1050 1739 1116 1790 ab
1156 1739 1405 1790 hostibus
1446 1739 1697 1805 redimat,
1738 1757 1807 1790 an
1844 1757 1974 1806 non3

290 1812 491 1880 partim
532 1816 755 1880 propter
796 1813 1031 1881 aliquam
1064 1815 1377 1864 extraneam
1411 1831 1627 1865 causam
1657 1812 1882 1864 veniunt
1919 1813 1975 1865 in

293 1886 738 1937 deliberationem
781 1889 833 1937 et
874 1886 1345 1952 consultat-ionem,
1395 1889 1456 1937 ut
1504 1887 1550 1938 si
1591 1886 1852 1938 deliberet
1895 1904 1975 1938 se-

289 1962 450 2010 natus
506 1960 672 2024 [bello
713 1959 945 2026 Italico],
994 1960 1240 2011 solvatne
1292 1959 1503 2028 legibus
1546 1957 1863 2028 Scipionem,
1913 1962 1974 2011 ut
1997 1972 2043 2005 25

292 2050 412 2083 eum
467 2033 626 2084 liceat
682 2036 805 2084 ante
859 2037 1071 2101 tempus
1136 2033 1409 2084 consulem
1462 2033 1601 2100 fieri3
1665 2033 1866 2102 partim
1922 2039 1975 2085 et

290 2109 511 2173 propter
553 2124 606 2156 se
648 2110 772 2157 sunt
804 2105 1177 2158 deliberandae
1211 2109 1263 2157 et
1299 2107 1519 2176 [magis]
1551 2111 1772 2175 propter
1804 2109 1975 2158 extra-

289 2197 447 2230 neam
473 2197 689 2231 causam
718 2181 938 2231 veniunt
961 2179 1017 2230 in
1044 2180 1512 2246 consultationem,
1544 2183 1604 2232 ut
1637 2181 1683 2231 si
1715 2180 1975 2232 deliberet

292 2257 508 2304 senatus
551 2253 692 2304 bello
726 2253 932 2320 Italico,
975 2253 1131 2304 sociis
1172 2254 1448 2305 civitatem
1482 2254 1585 2321 det,
1626 2273 1694 2305 an
1731 2271 1854 2306 non.
1908 2253 1974 2306 In

291 2326 483 2393 quibus
525 2327 698 2378 causis
738 2326 816 2377 rei
853 2329 1050 2378 natura
1087 2326 1248 2378 faciet
1287 2327 1751 2394 deliberationem,
1798 2327 1970 2379 omnis
1996 2341 2043 2373 3⁰

291 2399 465 2450 oratio
530 2400 596 2451 ad
635 2401 808 2467 ipsam
849 2419 963 2451 rein
1004 2400 1523 2468 adcommodabitur3
1561 2401 1614 2452 in
1642 2401 1868 2483 ..quibus
1889 2419 1971 2452 ex-

289 2476 478 2524 tianea
525 2491 686 2525 causa
734 2474 980 2525 conficiet
1027 2474 1490 2542 deliberationem,
1536 2475 1592 2526 in
1638 2474 1706 2526 iis
1753 2492 1815 2526 ea
1854 2473 1972 2542 ipsa

290 2563 450 2597 eausa
491 2547 592 2598 erit
633 2547 946 2616 adaugenda
989 2550 1082 2599 aut
1122 2548 1480 2616 deprimenda.
1534 2547 1971 2613 [Memorationes

291 2637 497 2687 eorum,
538 2620 628 2688 qui
669 2620 993 2672 sententiam
1035 2621 1247 2686 dicent]
1313 2621 1414 2682 Qui
1455 2622 1776 2673 sententiam
1817 2620 1971 2686 dicet,

289 2692 450 2743 finem
508 2693 610 2744 sibi
665 2696 945 2746 conveniet
993 2695 1250 2746 utilitatis
1299 2713 1622 2763 proponere,
1680 2698 1742 2746 ut
1797 2693 1968 2747 omnis
1993 2708 2038 2739 35

290 2765 475 2817 eodem
523 2767 691 2819 totius
741 2768 1005 2820 orationis
1054 2768 1193 2820 ratio
1244 2768 1562 2822 conferatur.
1641 2767 1865 2821 Utilitas
1912 2767 1967 2818 in

290 2838 419 2890 duas
467 2843 650 2908 partes
699 2841 754 2892 in
810 2842 956 2894 civili
1005 2842 1401 2894 consultatione
1448 2842 1725 2911 dividitur,
1778 2843 1970 2910 tutam,
