2080 3204
259 164 329 215 10
818 162 899 206 AD
933 161 981 207 C.
1014 160 1381 205 HERENNIUM

255 281 481 335 fratrem
523 283 777 350 occisum,
817 281 1094 333 inimicum
1132 280 1318 332 fratris
1351 299 1469 333 611111
1503 281 1682 350 gladio
1716 283 1936 333 cruento

255 356 415 423 videt,
449 356 638 423 capitis
671 355 908 408 arcessit.
970 353 1074 405 Hic
1107 354 1412 405 coniectura
1436 372 1621 406 verum
1646 353 1938 422 quaeritur3

262 429 347 495 [de
385 429 530 481 facto
573 429 674 480 erit
715 426 1124 494 controversia,]
1178 445 1242 477 ex
1282 444 1342 478 eo
1384 427 1698 479 constitutio
1747 444 1939 479 causae

171 505 223 545 19
257 503 630 555 coniecturalis
663 501 986 552 nominatur.
1033 499 1303 568 Legitima
1342 502 1425 551 est
1457 500 1786 569 constitutio,
1818 518 1939 552 611111

258 577 456 643 scripto
500 577 615 639 [aut
656 593 682 625 e
724 574 948 641 scripto]
1003 573 1206 640 ahquid
1253 574 1648 626 controversiae
1686 573 1939 625 nascitur.
1985 587 2007 621 5

255 649 339 700 Ea
387 648 640 699 dividitur
686 647 744 697 in
789 649 972 714 partes
1022 664 1134 697 sex:
1192 646 1452 713 scriptum
1500 649 1553 697 et
1601 646 1939 714 sententiam,

257 721 554 773 contrarias
606 721 774 789 legeS,
832 719 1167 789 ambiguum,
1220 719 1607 787 definitionem,
1661 719 1940 771 translati-

259 812 435 861 onem,
481 793 964 845 ratiocinationem.
1041 793 1123 844 Ex
1172 792 1372 861 scripto
1421 795 1474 843 et
1515 792 1783 845 sententia
1821 809 1941 845 con-

256 867 518 918 troversia
549 867 802 934 nascitur,
836 885 956 918 cum
987 866 1198 918 videtur
1231 865 1508 934 scriptoris
1541 867 1794 918 voluntas
1820 883 1942 918 cum

257 939 455 1007 scripto
502 940 621 1007 ipso
672 939 977 1007 dissentire,
1033 939 1134 991 hoc
1181 938 1363 991 modo:
1419 936 1476 990 Si
1523 939 1612 990 lex
1666 939 1757 1007 sit,
1806 953 2009 1007 quaem

255 1013 438 1064 iubeat
472 1031 575 1081 eOS,
603 1013 694 1080 qui
718 1016 938 1082 propter
970 1015 1354 1081 tempestatem
1384 1030 1578 1064 navem
1608 1011 1941 1080 reliquerint,
2000 1031 2002 1034 ·

256 1086 437 1138 omnia
475 1086 716 1154 perdere,
761 1104 945 1138 eorum
975 1104 1170 1137 navem
1212 1089 1493 1153 ceteraque
1526 1103 1662 1154 esse,
1703 1086 1750 1137 si
1786 1084 1941 1136 navis

256 1162 576 1212 conservata
615 1160 709 1227 sit,
753 1159 843 1227 qui
882 1159 1242 1210 remanserint
1280 1158 1338 1209 in
1374 1158 1515 1211 navi.
1570 1157 1942 1228 Magnitudine

255 1233 599 1300 tempestatis
656 1250 840 1284 omnes
894 1232 1170 1301 perterriti
1223 1250 1416 1284 navem
1478 1232 1809 1300 reliquerunt
1864 1232 1944 1297 [in

258 1306 515 1374 scapham
555 1306 999 1371 conscenderunt]
1042 1309 1255 1374 praeter
1295 1324 1460 1356 unum
1502 1306 1855 1374 [aegrotum]:
1894 1303 1941 1355 is
1967 1318 2008 1351 15

255 1383 477 1448 propter
517 1380 767 1431 morbum
808 1379 948 1430 exire
990 1383 1043 1430 et
1080 1378 1265 1446 fugere
1305 1396 1415 1430 non
1453 1379 1646 1446 potuit.
1710 1377 1851 1430 Casu
1890 1379 1944 1429 et

257 1453 490 1504 fortuitu
539 1452 693 1504 navis
745 1453 801 1503 in
852 1455 1071 1520 portum
1121 1452 1405 1504 incolumis
1460 1452 1639 1503 delata
1694 1457 1798 1519 est3
1852 1450 1943 1502 ille

260 1527 557 1595 [aegrotus]
607 1525 850 1594 possedit
896 1543 1110 1592 navem,
1171 1525 1309 1593 petit
1358 1525 1495 1590 [ille]
1546 1524 1694 1577 cuius
1753 1524 1944 1576 fuerat.

261 1598 431 1663 [Haec
473 1599 787 1650 constitutio
821 1598 1068 1667 legitima
1102 1602 1184 1649 est
1216 1616 1279 1649 ex
1313 1598 1514 1666 scripto
1549 1601 1602 1649 et
1635 1597 1942 1663 sententia]

169 1673 225 1713 20
257 1671 339 1722 Ex
365 1672 650 1724 contrariis
676 1672 887 1740 legibus
914 1671 1280 1723 controversia
1305 1674 1532 1738 constat,
1565 1689 1685 1722 611111
1718 1671 1826 1723 alia
1857 1670 1944 1722 lex
1968 1685 2012 1717 2⁰

256 1745 407 1796 iubet
463 1748 556 1797 aut
609 1745 901 1814 permittit,
959 1744 1066 1796 alia
1119 1747 1269 1796 vetat
1325 1744 1600 1812 quidpiam
1653 1744 1791 1811 fieri,
1841 1743 1944 1796 1106

257 1818 438 1870 modo:
504 1817 615 1869 Lex
669 1821 821 1870 vetat
877 1836 1019 1886 eum,
1077 1818 1167 1885 qui
1223 1817 1285 1868 de
1339 1817 1577 1885 pecuniis
1633 1816 1943 1886 repetundis

259 1892 543 1943 damnatus
597 1891 689 1959 sit,
737 1891 796 1942 in
843 1891 1092 1973 contione
1149 1890 1448 1942 orationem
1501 1891 1720 1942 habere:
1771 1891 1946 1942 altera

259 1965 346 2016 lex
383 1965 535 2016 iubet
577 1982 858 2034 augurem,
913 1964 970 2015 in
1010 1964 1277 2016 demortui
1315 1963 1493 2016 locum
1535 1965 1626 2032 qui
1665 1967 1838 2032 petat,
1887 1963 1945 2015 in

260 2038 507 2089 contione
547 2039 843 2089 nominare.
883 2037 1073 2106 Augur
1115 2037 1331 2105 quidam
1373 2037 1657 2088 damnatus
1692 2037 1755 2088 de
1786 2055 1939 2106 pecu·
1967 2048 2010 2083 25

259 2110 364 2162 niis
405 2111 715 2178 repetundis
756 2111 814 2161 in
853 2110 1121 2162 demortui
1161 2111 1338 2162 locum
1377 2110 1702 2178 nominavit3
1741 2110 1945 2177 petitur

261 2184 328 2235 ab
366 2201 428 2235 eo
465 2184 651 2235 multa¹
717 2182 1069 2248 [Constitutio
1107 2183 1354 2252 legitima
1391 2202 1453 2235 ex
1491 2183 1775 2236 contrariis
1812 2182 1946 2252 legi-

177 2257 242 2307 12
261 2257 399 2322 bus]
443 2256 525 2308 Ex
567 2256 820 2326 ambiguo
863 2257 1230 2308 controversia
1261 2256 1514 2324 nascitur,
1556 2276 1675 2309 cum
1699 2275 1756 2309 re
1780 2274 1945 2309 unam

260 2329 318 2381 in
350 2330 674 2381 sententiam
709 2330 910 2398 scripta
944 2330 1205 2398 scriptum
1239 2329 1369 2381 duas
1403 2333 1496 2382 aut
1527 2331 1709 2399 plures
1736 2333 1946 2382 senten-

261 2403 367 2454 tias
421 2403 712 2472 significat,
762 2403 864 2454 hoc
916 2402 1100 2454 modo:
1152 2403 1550 2455 Paterfamilias
1607 2422 1726 2455 cum
1772 2403 1945 2455 filium
1969 2413 2014 2448 3⁰
2079 2426 2080 2430 ¹

260 2475 511 2527 heredem
557 2475 782 2543 faceret,
830 2478 1158 2528 testamento
1206 2494 1337 2527 vasa
1385 2479 1642 2546 argentea
1681 2476 1836 2528 uxori
1874 2476 1946 2527 le-

263 2549 433 2617 gavit:
463 2549 760 2614 [TULLIUS]
782 2548 986 2601 eHERES
1012 2563 1163 2601 MEUS
1183 2548 1565 2615 [TERENTIAE]
1585 2564 1766 2602 Uxom
1789 2562 1945 2601 MEAE

262 2636 384 2672 XXX
401 2636 593 2674 PONDo
613 2637 883 2674 VASORUM
901 2636 1334 2674 ARGENTEORUM
1353 2637 1526 2688 DATO,
1545 2637 1698 2685 QUAE
1717 2620 1945 2675 VOLET?

262 2694 395 2745 Post
434 2698 664 2746 mortem
705 2695 818 2747 eius
857 2713 988 2747 vasa
1027 2695 1266 2763 pretiosa
1316 2698 1369 2747 et
1417 2696 1624 2748 caelata
1662 2695 1945 2765 magnifice

262 2766 415 2834 petit.
494 2767 664 2819 Filius
718 2786 795 2835 se,
843 2786 978 2836 quae
1025 2769 1140 2836 ipse
1181 2768 1366 2835 vellet,
1414 2768 1469 2820 in
1518 2783 1641 2821 XXX
1678 2768 1856 2836 pondo
1897 2766 2012 2819 6135
2075 2767 2080 2800 ¹

265 2839 454 2891 debere
495 2840 636 2892 dicit.
718 2839 1069 2906 [Constitutio
1119 2843 1201 2893 est
1247 2841 1492 2910 legitima
1540 2859 1603 2893 ex
1650 2841 1942 2910 ambiguo]

174 2928 227 2967 21
263 2910 590 2964 Definitione
616 2932 777 2966 causa
803 2916 1039 2982 constat,
1080 2932 1200 2966 cum
1230 2913 1288 2966 in
1312 2913 1678 2967 controversia
1703 2917 1807 2982 est,
1840 2930 1945 2982 quo
