2080 3204
315 132 421 175 -XX
672 130 1098 175 MEMORABILIA
1131 130 1315 175 VITAE
1349 129 1666 175 CICERONIS
1748 167 1750 169 ,

337 251 2015 350 enatarem*

337 353 465 438 ’ἧόἒῆ
500 372 556 410 45
600 343 603 398 ἶ
633 366 755 410 Coss.
807 365 1039 433 Ofillius
1072 363 1237 431 Caesar
1269 364 1362 407 IV.
1394 364 1625 431 Dictator,
1670 366 1742 410 M.
1772 365 1860 410 -Αε-
1929 371 1983 411 62

808 426 961 467 ‘mzlzus
992 422 1196 475 Lemdus
1228 423 1348 478 Mag.
1382 422 1618 477 Eqmtum.

695 483 859 526 Caesar
889 483 1023 525 simul
1054 480 1130 524 IV.
1165 481 1326 523 consul
1354 482 1451 524 sine
1482 483 1648 539 colleya
1677 483 1782 537 fuit.

693 542 876 594 Caesar,
934 539 1092 583 victis.
1123 538 1171 582 in
1220 539 1444 594 Hispania
1488 540 1697 597 Pompeii
1742 541 1863 597 filiis,

634 600 772 644 Sexto
806 601 854 642 et
878 598 1050 652 Gnaeo,
1081 611 1238 640 mense
1270 597 1461 641 Octobri
1484 597 1680 642 Romam
1711 614 1862 644 rever-

633 663 707 702 su's
740 657 985 700 consulatu
1021 670 1067 699 se
1108 655 1299 699 abdicat
1330 659 1377 699 et
1409 655 1460 708 Q.
1492 656 1686 701 Fabium
1716 657 1863 702 Maxi-

631 732 757 759 mum
806 718 854 758 et
899 716 946 759 C.
985 714 1262 758 Trebonium
1307 715 1395 758 sibi
1443 715 1623 760 sufficit.
1691 717 1881 763 Ultimo,

600 759 604 826 ἶ
631 777 786 818 autem
817 773 1084 818 Decembris
1124 773 1197 816 die
1245 787 1347 817 cum
1379 773 1550 817 Fabius
1582 774 1850 819 decessisset

634 833 887 877 Trebonius
925 846 1033 876 vero
1074 832 1275 886 abesset,
1326 832 1372 875 C.
1417 831 1633 876 Caninius
1676 832 1866 878 Rebilus

634 893 795 941 consul
832 891 1144 946 renuntiatur,
1187 891 1287 946 qui,
1329 891 1381 934 ut
1413 890 1572 934 Cicero
1611 891 1866 947 iocabatur,

635 951 751 994 adeo
789 950 988 1006 vigilans
1029 950 1184 992 consul
1224 949 1333 1003 fuit,
1383 952 1436 993 ut
1483 951 1584 994 toto
1625 951 1869 995 consulatu

1854 809 1865 829 9

467 762 471 825 1

469 880 473 916 Ι

469 920 473 998 ἱ

470 1021 474 1086 Q
635 1024 844 1054 somnum
876 1023 967 1052 non
998 1007 1178 1051 viderit.

472 1111 474 1122 ἰ
696 1067 853 1111 Cicero
902 1067 1036 1110 initio
1085 1068 1128 1109 h.
1179 1081 1218 1110 a.
1267 1067 1342 1111 vel
1392 1067 1628 1124 superiore
1674 1067 1869 1112 exeunte

471 1123 475 1185 ἱ
635 1127 778 1170 missa
810 1126 1029 1169 Terentia
1059 1125 1309 1168 Publiliam
1340 1139 1530 1170 uxorem
1562 1126 1707 1182 duxit,
1743 1127 1870 1170 cuius

472 1189 475 1229 Ι
635 1185 758 1229 bona
795 1186 929 1228 heres
969 1197 997 1226 a
1037 1186 1170 1239 patre
1202 1184 1651 1237 fideicommissarius
1680 1185 1870 1228 relictus

472 1231 475 1283 l
637 1244 941 1288 custodiebat.
1003 1242 1157 1285 Tullia
1199 1241 1297 1286 eius
1328 1243 1444 1298 filia,
1485 1245 1593 1299 post
1621 1243 1870 1287 divortium

472 1291 476 1379 ι
639 1318 742 1346 cum
773 1301 1019 1346 Dolabella
1048 1301 1238 1355 factum,
1270 1303 1445 1345 Romae
1467 1302 1662 1345 filiolum
1692 1303 1870 1358 peperit

473 1382 477 1447 ι
639 1364 686 1405 et
722 1362 862 1418 paulo
902 1362 1010 1417 post
1049 1360 1172 1403 diem
1216 1359 1334 1404 obiit
1374 1374 1650 1416 supremum.
1714 1360 1871 1405 Cicero

474 1449 477 1478 t
637 1420 935 1465 vehementer
974 1420 1070 1462 eius
1111 1421 1258 1462 morte
1306 1419 1524 1472 afflictus,
1565 1419 1767 1463 Publilia
1806 1420 1872 1462 di·

474 1480 477 1513 Ι
636 1479 793 1532 missa,
826 1480 1020 1522 Asturae
1046 1491 1094 1520 se
1119 1477 1251 1520 abdit
1275 1478 1571 1533 doloremque
1605 1492 1739 1521 suum
1769 1492 1872 1534 par-

474 1527 478 1592 l
608 1539 725 1597 ium
756 1537 852 1586 fani
885 1536 1066 1579 Tulliae
1108 1536 1318 1591 erigendi
1357 1535 1568 1589 consilio,
1608 1536 1780 1592 partim
1818 1537 1873 1579 li-

474 1593 478 1685 ·
608 1597 733 1640 'bris
775 1596 1027 1640 scribendis
1067 1594 1210 1638 lenire
1256 1595 1449 1638 studet.1
1510 1595 1703 1650 Scripsit
1731 1594 1875 1651 igitur

639 1657 684 1698 h.
724 1669 763 1698 a.
814 1653 1169 1697 Consolationem
1215 1667 1249 1695 s,
1294 1654 1463 1697 librum
1511 1655 1568 1697 de
1615 1653 1744 1697 luctu
1791 1653 1872 1697 mi-

473 1686 479 1834 ι
640 1713 844 1765 nuendo‚
887 1713 1196 1764 Hortensium,
1242 1711 1536 1756 Academicas
1580 1713 1874 1767 quaestiones,

639 1772 783 1815 libros
813 1772 867 1815 de
896 1771 1065 1824 fiinibus
1103 1771 1318 1814 bonorum
1350 1776 1391 1814 et
1427 1772 1658 1815 malorum.
1721 1770 1876 1814 Mense

640 1830 790 1886 Aprili
833 1830 978 1873 filium
1022 1843 1151 1872 suum
1188 1830 1442 1873 studiorum
1491 1842 1630 1873 causa
1670 1830 1876 1873 Athenas

641 1889 808 1942 mittit3
842 1890 889 1932 et
917 1887 1058 1944 paulo
1090 1889 1198 1943 post
1228 1888 1396 1931 Astura
1427 1888 1622 1931 discedit
1653 1888 1875 1944 reliquos-

643 1962 731 2004 que
769 1961 948 1991 menses
980 1946 1165 2002 ‚partim
1207 1946 1256 1989 in
1293 1946 1568 1999 Tusculano,
1613 1946 1783 2001 partim
1829 1946 1877 1989 in

644 2005 858 2062 Arpinati
903 2005 1097 2060 aliisque
1129 2004 1253 2047 villis
1293 2005 1527 2060 transigit3
1562 2018 1716 2048 mense
1743 2004 1875 2048 Octo·

431 2095 437 2101 -
611 2044 615 2084 ¹
644 2066 715 2108 bri
742 2065 937 2108 Romam
969 2078 1016 2106 se
1050 2064 1245 2111 confert;
1270 2077 1426 2106 mense
1451 2065 1606 2106 autem
1636 2063 1878 2107 Decembri

612 2088 692 2167 iin
723 2124 1046 2175 Puteolanum,
1093 2122 1173 2165 ubi
1214 2121 1311 2164 XII.
1352 2122 1452 2165 Kal.
1500 2121 1595 2165 Ian.
1636 2120 1876 2166 Caesarem

481 2202 485 2260 ι
648 2183 833 2237 eiusque
868 2181 1057 2224 comites
1089 2180 1292 2236 hospitio
1323 2181 1514 2235 accepit.

376 2248 485 2287 710!
520 2246 579 2285 44
649 2240 772 2284 Coss
823 2239 868 2283 Ο.
901 2240 1054 2283 Iulius
1088 2238 1252 2283 Caesar
1292 2239 1358 2293 V.‚
1391 2239 1457 2283 M.
1491 2240 1737 2284 Antonius.
1946 2245 2001 2284 63

482 2289 485 2365 ᾗ
610 2319 620 2365 J
650 2359 665 2402 Z
706 2298 872 2401 Priu‘izis
903 2296 1263 2400 aufuit-mensibus
1288 2296 1444 2341 Cicero
1477 2297 1679 2342 absolvit
1705 2298 1874 2342 Tuscu-

667 2371 782 2402 anas
846 2371 948 2413 zspu
969 2371 996 2399 α
1020 2369 1150 2401 zowes.

711 2415 877 2459 Caesar
914 2415 1069 2459 Idibus
1099 2414 1280 2458 Martiis
1319 2414 1367 2457 in
1407 2415 1532 2460 curia
1572 2428 1600 2458 a
1631 2415 1877 2459 coniuratis

651 2476 711 2518 M.
745 2476 901 2529 Bruto,
934 2473 980 2517 C.
1016 2473 1170 2518 Cassio
1203 2473 1400 2528 aliisque
1430 2474 1714 2518 interficitur.
1763 2473 1877 2518 Con·

651 2533 793 2577 iurati
833 2546 881 2577 se
920 2532 1150 2588 recipiunt
1185 2532 1233 2575 in
1272 2532 1565 2588 Capitolium.
1634 2531 1880 2576 Dolabella

522 2604 524 2606 ·
618 2601 621 2626 ¹
653 2592 698 2636 in
731 2591 941 2636 Caesaris
973 2591 1125 2634 locum
1157 2604 1248 2635 cos,
1281 2590 1514 2635 sufficitur.

618 2660 622 2675 ¹
710 2650 868 2694 Cicero
899 2649 1017 2693 XVI.
1050 2649 1151 2693 Kal.
1185 2651 1292 2705 Apr.
1336 2649 1385 2692 in
1423 2650 1537 2693 aede
1567 2649 1762 2693 Telluris
1800 2663 1878 2705 pa·

617 2679 750 2756 icem
791 2709 954 2753 suadet
993 2709 1041 2751 et
1086 2708 1416 2752 discordiarum
1453 2708 1725 2752 memoriam
1764 2707 1880 2752 obli-

618 2757 623 2821 Ι
651 2768 787 2811 vione
821 2767 1063 2812 delendam
1089 2767 1259 2811 censet.
1306 2766 1509 2810 Antonio
1538 2767 1658 2811 idem
1684 2779 1733 2810 se
1757 2767 1878 2811 vene

486 2902 528 2955 1)
563 2900 693 2943 Tusc.
721 2899 798 2956 IV,
823 2904 893 2943 63.
926 2899 984 2942 ad
1007 2897 1102 2942 Att.
1129 2897 1227 2953 XII,
1255 2903 1322 2942 15.
1355 2900 1402 2942 et
1431 2903 1498 2942 36.
1526 2898 1582 2942 de
1614 2898 1753 2942 divin.
1779 2897 1836 2952 H,
1866 2901 1904 2942 1.
1931 2911 2030 2955 sqq.
