2080 3204
642 130 761 173 PER
792 129 996 174 ANNOS
1029 129 1307 174 DIGESTA.
1732 131 1816 173 XV

1714 253 1819 295 Anii}

1725 307 1798 338 Cic.

427 364 523 406 stas
562 363 630 406 rei
673 362 998 406 frumentariae
1037 364 1137 406 toto
1182 363 1292 406 orbe
1323 366 1551 406 terrarum
1583 363 1661 406 da—

260 409 264 427 ⁸
426 420 590 465 retur.1
649 422 701 464 In
740 422 1003 476 quindecim
1041 420 1230 476 legatis,
1272 436 1383 475 quos
1430 422 1564 464 huius
1596 421 1693 492 reii

190 486 192 488 '
260 430 264 542 ¹
428 493 565 523 causa
602 480 850 535 Pompeius
892 480 980 523 sibi
1021 479 1217 535 legavit,
1265 479 1355 522 fuit
1396 479 1445 531 Q.
1490 479 1693 533 Cicero,¹

426 538 558 593 isque
582 538 630 581 in
655 552 707 582 eo
733 538 921 593 negotio
946 539 993 581 in
1027 538 1287 581 Sardiniam
1317 537 1551 594 profectus
1578 540 1659 582 est.

154 602 238 641 698
302 604 357 644 56
429 596 552 640 Coss.
617 596 697 640 Cn.
756 596 988 640 Cornelius
1057 596 1281 640 Lentulus
1345 598 1662 650 Marcellinus,
1692 646 1693 651 Ἰ
1732 604 1783 641 51

618 654 675 698 L.
712 656 924 698 Blarcz'us
959 656 1219 710 Philippus.
1691 658 1694 710 ξ

485 712 624 756 Initio
658 713 766 756 anni
792 713 949 756 Cicero
975 714 1023 756 in
1055 717 1218 756 senatu
1251 714 1363 769 agit,
1396 716 1448 756 ut
1470 714 1520 757 P.
1544 714 1662 756 Len-
1691 711 1694 746 Ε

428 772 526 816 tulo
559 770 748 815 Ciliciae
787 785 965 827 procos
1005 772 1244 827 negotium
1284 773 1471 815 daretur
1510 766 1694 815 Ptole-³

428 831 550 874 maei
588 831 711 884 regis
750 831 796 872 in
834 844 1027 884 regnum
1065 830 1327 873 reducendi.
1394 831 1448 875 P.
1492 806 1695 887 Sestius}

429 904 456 932 a
501 889 561 932 M.
603 889 755 932 Tullio
802 887 1091 931 Albinovano
1138 889 1240 943 lege
1280 888 1467 931 Lutatia
1513 889 1570 931 de
1618 890 1694 931 vi2

428 946 686 1003 postulatus
719 946 982 990 defenditur
1014 961 1041 990 a
1067 945 1283 989 Cicerone
1315 948 1520 990 oratione
1545 960 1662 1001 quae
1691 942 1695 1005 ξ

429 1008 596 1059 exstat,
638 1007 684 1048 et
723 1005 988 1048 absolvitur.
1053 1005 1104 1047 In
1146 1018 1248 1047 euin
1282 1005 1496 1048 Vatinius
1533 1005 1695 1066 testi-j

428 1065 633 1107 monium
668 1063 860 1107 dixerat.
908 1065 1068 1118 ltaque
1096 1063 1252 1106 Cicero
1279 1067 1502 1119 perpetua
1526 1065 1662 1107 inter-
1691 1068 1695 1108 εἴ

427 1124 659 1178 royatione
700 1123 796 1165 eius
836 1122 983 1166 vitam
1022 1128 1068 1165 et
1099 1123 1387 1165 tribunatum
1419 1123 1661 1177 reprehen—
1691 1111 1696 1187 ᾗ

429 1180 510 1225 dit.
572 1180 650 1224 III.
692 1181 755 1223 Id.
797 1180 927 1225 Febr.
961 1180 1187 1224 Bestiam2
1228 1181 1435 1223 defendit
1473 1181 1529 1223 de
1570 1190 1695 1223 am-¹

428 1239 529 1282 bitu
552 1242 832 1284 accusatum.
880 1240 1000 1282 Prid.
1028 1238 1145 1282 Non.
1164 1241 1274 1294 Apr.
1295 1240 1496 1282 Tulliam
1521 1238 1662 1281 filiam

428 1297 564 1341 Furio
599 1298 859 1352 Crassipedi
901 1298 1169 1354 despondet.
1233 1297 1345 1340 Cum
1380 1311 1498 1341 anno
1533 1311 1663 1353 supe-

427 1355 548 1400 riore
581 1357 795 1413 prodigia
835 1357 883 1399 in
926 1370 1037 1412 agro
1070 1355 1324 1399 Latiniensi
1355 1356 1480 1400 facta
1513 1357 1665 1399 essent
1693 1354 1696 1410 ᾗ

429 1417 476 1458 et
519 1415 786 1470 haruspices
835 1430 936 1458 cum
985 1415 1100 1458 alias
1152 1428 1336 1469 causas,
1391 1417 1491 1457 tum
1544 1415 1664 1458 hanc

428 1474 707 1526 attulissent,
740 1474 865 1528 quod
889 1475 992 1517 loca
1015 1487 1144 1517 sacra
1172 1488 1254 1529 pro
1288 1473 1492 1529 profanis
1523 1473 1664 1517 habe·

428 1535 607 1584 rentur,
649 1531 836 1576 Clodius
877 1532 1039 1575 aedilis
1083 1533 1130 1574 in
1163 1533 1377 1575 contione
1409 1532 1545 1585 dixit,
1586 1532 1664 1575 do-

429 1606 555 1634 mum
589 1590 817 1635 Ciceronis
849 1591 991 1635 etiam
1023 1591 1143 1634 inter
1175 1604 1230 1634 ea
1261 1591 1365 1634 loca
1396 1604 1510 1644 esse,
1547 1604 1665 1645 quae
1693 1620 1698 1657 5

430 1652 696 1693 consecrata
738 1649 933 1704 profana
977 1650 1275 1701 haberentur3
1324 1663 1412 1705 quo
1460 1651 1698 1728 tempore!

431 1707 576 1774 oratio
609 1723 636 1751 a
668 1707 886 1773 Cicerone
929 1709 981 1751 de
1025 1709 1316 1773 haruspicwn
1346 1721 1555 1774 responso
1586 1708 1665 1750 ha·
1694 1729 1698 1789 ¹

432 1767 532 1810 bita
572 1768 653 1810 est.
715 1766 893 1809 Deinde
938 1765 1144 1809 defendit
1174 1765 1229 1810 L.
1267 1765 1523 1810 Cornelium
1554 1765 1666 1808 Baz-

263 1076 266 1114 1

261 1433 268 1648 ι

264 1788 270 1923 ἰ
399 1799 536 2010 ilium
583 1824 885 1891 Gaditanum,
944 1838 1082 1880 quem
1129 1826 1370 1867 accusator
1415 1825 1668 1890 negaverat

265 1925 270 1942 ¹
431 1898 529 1927 iure
574 1884 764 1927 civitate
796 1883 1030 1927 donatum.
1093 1883 1239 1926 Paulo
1271 1885 1378 1938 post
1415 1897 1463 1925 m
1505 1884 1667 1925 senatu

265 1944 270 1976 ὅ
432 1941 597 1985 habuit
643 1942 900 1985 orationem
947 1943 1000 1985 de
1037 1943 1292 1998 provinciis
1339 1942 1665 1986 consularibus.

266 1980 270 2081 ἱ
399 2001 606 2097 'Eodem
646 2014 765 2044 anno
805 1999 1013 2044 defendit
1050 2001 1100 2045 L.
1135 2000 1458 2056 Sempronium
1498 2000 1666 2042 Atrati-

272 2676 276 2698 Ι

1696 1986 1700 2003 l

432 2059 564 2103 num3
596 2061 643 2102 et
674 2059 741 2102 M.
778 2059 978 2103 Caelium
1017 2059 1074 2103 de
1113 2073 1245 2111 auro,
1290 2058 1414 2114 quod
1446 2072 1473 2102 a
1507 2057 1669 2101 Clodia

433 2118 695 2173 sumpsisse,
728 2121 775 2161 et
807 2118 862 2161 de
893 2130 1086 2171 veneno,
1120 2117 1244 2172 quod
1268 2117 1311 2160 ei
1334 2131 1521 2173 parasse
1548 2116 1666 2160 dice-

432 2177 590 2229 batur,
631 2177 916 2230 accusatum3
961 2177 1102 2219 etiam
1133 2177 1194 2221 M.
1228 2175 1435 2232 Cispium
1468 2175 1667 2219 ambitus
1698 2205 1701 2229 :

433 2235 585 2279 reum4
617 2236 664 2278 et
696 2235 742 2279 C.
774 2234 1002 2278 Ascitium
1035 2235 1091 2278 de
1123 2235 1207 2279 vi.⁵
1697 2233 1702 2304 f

494 2293 540 2337 C.
573 2294 715 2337 Iulius
748 2292 936 2348 Caesar,
979 2293 1181 2337 exercitu
1212 2294 1260 2336 in
1290 2292 1495 2336 hibernis
1529 2292 1668 2337 collo·
1697 2308 1702 2355 ς

436 2355 561 2406 cato,
605 2352 843 2396 discedens
875 2352 924 2395 in
953 2351 1136 2395 Italiam
1169 2352 1320 2396 Lucae
1352 2351 1540 2394 hiemat.
1602 2351 1667 2395 Eo

402 2408 406 2480 Ι
434 2410 706 2466 Pompeium
747 2413 794 2454 et
825 2410 1038 2454 Crassum
1077 2413 1234 2464 vocat,
1277 2424 1381 2452 cum
1411 2410 1557 2464 iisque
1589 2424 1669 2466 pa-

437 2469 643 2523 ciscitur,
687 2471 739 2512 ut
771 2469 907 2513 ambo
941 2468 1231 2512 consulatum
1263 2469 1461 2512 alterum
1493 2470 1667 2523 petant,

437 2529 484 2572 et
520 2527 609 2571 hac
647 2527 827 2572 ratione
859 2527 907 2572 L.
941 2528 1195 2571 Domitium
1237 2528 1478 2570 consulatu
1517 2527 1668 2570 det-ru·
1698 2519 1702 2600 ξ

437 2587 569 2641 dant,
618 2587 696 2642 qui
741 2585 942 2630 minatus
990 2588 1090 2629 erat
1129 2600 1197 2640 se,
1247 2587 1286 2628 si
1326 2585 1485 2629 consul
1521 2585 1702 2635 factusn

436 2647 570 2701 esset,
605 2644 790 2689 Caesari
823 2644 1049 2689 exercitus
1082 2644 1417 2700 adempturum.
1698 2637 1703 2701 ζ

271 2839 312 2891 1)
345 2835 406 2879 ad
422 2837 518 2880 Att.
543 2836 619 2881 IV.
649 2841 688 2891 1,
715 2841 754 2879 7.
847 2839 890 2890 2)
915 2835 975 2878 ad
1001 2833 1154 2887 Quint.
1179 2833 1233 2878 II.
1260 2839 1301 2888 3,
1328 2838 1368 2876 6.
1454 2836 1498 2889 3)
1522 2847 1605 2889 pro
1632 2832 1753 2876 Cael.
1784 2837 1820 2876 7.

174 2896 310 2951 4)p1·0
342 2894 495 2939 Planc.
524 2899 590 2938 75.
686 2896 729 2950 5)
762 2908 846 2950 pro
879 2894 1001 2937 Cael.
1028 2898 1085 2937 24
1118 2906 1191 2947 sq:
