2075 3235
169 787 195 837 1

167 860 188 898 1

233 112 258 161 1
268 109 336 161 74
825 108 905 152 DE
937 109 1000 153 IN
1006 108 1318 153 VENTIONE
1851 115 1908 156 58

677 258 747 311 M.
788 255 1033 331 TULLII
1073 255 1455 311 CICERONIS

591 370 1073 439 RHETORIOAE
1125 370 1336 438 LIBRI
1382 371 1552 438 DUO.

451 518 576 578 [QUI
610 517 767 563 SUNT
799 517 878 560 DE
910 515 1294 561 INVENTIONE
1326 515 1696 576 RHETORIGA]

748 721 958 766 LIBER
998 721 1379 768 SECUNDUS.

372 811 720 867 Crotoniatae
761 813 1045 881 quondam,
1087 831 1206 865 cum
1245 813 1498 865 florerent
1538 812 1787 865 omnibus
1827 831 1910 866 co·

222 887 325 956 piis
391 890 445 939 et
505 887 563 938 in
624 885 788 938 Italia
850 904 971 938 cum
1033 887 1220 956 primis
1284 886 1432 938 beati
1484 890 1910 956 numerarentur,

223 961 486 1029 templum
512 960 749 1027 IunoniS,
783 960 925 1029 quod
949 960 1355 1029 religiosissime
1381 959 1643 1024 colebant,
1677 961 1908 1029 egregiis

222 1034 448 1103 picturis
510 1033 839 1103 locupletare
901 1034 1204 1086 voluerunt.
1300 1033 1490 1102 Itaque
1551 1032 1911 1086 Heracleoten

223 1108 446 1176 Zeuxin,
511 1108 602 1176 qui
664 1110 782 1159 tum
835 1108 997 1177 longe
1053 1106 1242 1159 ceteris
1298 1107 1556 1159 excellere
1611 1107 1908 1175 pictoribus
1954 1122 1977 1155 5

224 1181 658 1248 existimabatur,
705 1198 905 1248 magno
953 1180 1127 1250 pretio
1175 1181 1494 1233 conductum
1535 1180 1909 1234 adhibuerunt.

223 1255 276 1307 Is
326 1258 379 1307 et
420 1258 622 1307 ceteras
664 1255 966 1323 complures
1006 1254 1223 1306 tabulas
1262 1254 1458 1323 pinxit,
1511 1272 1738 1323 quarum
1778 1273 1906 1306 non-

222 1329 374 1381 nulla
413 1346 539 1398 pars
580 1345 748 1395 usque
790 1327 856 1379 ad
895 1330 1138 1380 nostram
1179 1328 1493 1380 memoriam
1517 1331 1759 1397 propter
1795 1327 1909 1380 fani

223 1402 542 1472 religionem
582 1402 858 1469 remansit,
897 1405 965 1469 et,
1003 1404 1065 1453 ut
1101 1402 1450 1454 excellentem
1489 1401 1766 1453 muliebris
1804 1400 1909 1453 for-

223 1494 342 1528 mae
390 1475 806 1544 pulcritudinem
856 1475 1028 1541 [muta
1074 1475 1131 1526 in
1179 1477 1316 1540 sese]
1365 1476 1546 1544 imago
1594 1475 1909 1543 contineret,
1934 1490 1975 1522 10

222 1549 463 1601 Helenae
498 1566 552 1601 se
585 1550 808 1618 pingere
850 1549 1195 1600 simulacrum
1227 1549 1366 1600 velle
1407 1548 1561 1616 dixit3
1603 1548 1744 1617 quod
1784 1546 1909 1600 Cro·

223 1623 480 1687 toniatae‚
522 1623 612 1691 qui
653 1640 773 1673 eum
814 1622 1062 1674 muliebri
1101 1621 1158 1672 in
1191 1639 1410 1691 corpore
1442 1621 1715 1690 pingendo
1747 1622 1910 1691 pluri·

224 1709 372 1748 mum
413 1695 530 1747 aliis
573 1698 848 1763 praestare
891 1712 1048 1763 saepe
1097 1695 1447 1764 accepissent,
1494 1695 1727 1747 libenter
1766 1695 1910 1747 audi·

224 1772 394 1822 erunt.
471 1768 805 1821 Putaverunt
845 1770 1000 1836 enim,
1041 1769 1101 1835 si,
1142 1787 1246 1837 quo
1285 1769 1342 1821 in
1381 1786 1575 1838 genere
1614 1769 1908 1838 plurimum

223 1845 420 1912 posset,
459 1842 515 1894 in
556 1861 617 1895 eo
658 1860 855 1912 magno
897 1860 1057 1910 opere
1098 1842 1444 1910 elaborasset,
1485 1843 1762 1912 egregium
1804 1842 1908 1895 sibi
1935 1857 1976 1890 15

225 1935 359 1985 opus
415 1916 510 1967 illo
566 1916 623 1967 in
677 1915 804 1968 fano
860 1916 1183 1969 relicturum.
1271 1915 1458 1985 Neque
1508 1919 1626 1968 tum
1673 1933 1765 1969 eos
1811 1916 1910 1968 illa

225 1989 407 2058 opinio
455 1988 666 2043 fefellit.
756 1988 900 2041 Nam
957 1988 1147 2041 Zeuxis
1202 1989 1324 2042 ilico
1381 1989 1646 2058 quaesivit
1705 1990 1772 2042 ab
1826 1989 1908 2058 iis,

225 2080 486 2132 quasnam
518 2063 755 2132 virgines
794 2063 1060 2115 formosas
1099 2063 1376 2115 haberent.
1451 2062 1543 2115 Illi
1583 2066 1764 2116 autem
1805 2066 1908 2116 sta-

223 2137 324 2188 tim
363 2136 638 2189 hominem
679 2136 1011 2189 deduxerunt
1049 2136 1104 2188 in
1143 2137 1473 2206 palaestram
1514 2140 1675 2206 atque
1707 2137 1755 2188 ei
1785 2155 1908 2206 pue-

223 2228 312 2262 ros
368 2211 719 2262 ostenderunt
774 2210 998 2279 multOS,
1051 2228 1250 2279 magna
1303 2210 1575 2280 praeditos
1610 2210 1907 2279 dignitate.
1932 2226 1976 2258 20

222 2283 442 2335 Etenim
484 2284 714 2353 quodam
745 2287 989 2352 tempore
1022 2282 1366 2336 Crotoniatae
1399 2285 1628 2336 multum
1660 2284 1915 2337 omnibus-

225 2375 508 2427 corporum
558 2358 760 2410 viribus
808 2362 861 2410 et
915 2357 1270 2427 dignitatibus
1319 2359 1701 2410 antisteterunt
1748 2360 1909 2427 atque

223 2430 637 2483 honestissimas
672 2449 736 2483 ex
769 2431 1021 2501 gymnico
1064 2431 1353 2483 certamine
1394 2430 1649 2484 victorias
1690 2431 1908 2483 domum

225 2522 345 2555 cum
386 2504 541 2556 laude
582 2505 817 2557 maxima
855 2505 1194 2556 rettulerunt.
1258 2503 1392 2557 Cum
1423 2523 1709 2573 puerorum
1739 2504 1910 2574 igitur

223 2576 426 2629 formas
476 2581 529 2629 et
577 2596 804 2647 corpora
857 2596 1055 2648 magno
1096 2578 1182 2630 hic
1224 2596 1381 2648 opere
1421 2578 1729 2630 miraretur:
1777 2577 1908 2630 ‘Ho—
1933 2592 1975 2625 25

224 2650 376 2718 rum,'
426 2651 676 2719 inquiunt
726 2652 830 2719 illi,
879 2650 1110 2704 ‘sorores
1152 2657 1277 2703 sunt
1321 2651 1462 2721 apud
1506 2669 1605 2703 nos
1658 2650 1909 2720 virgines.

225 2722 414 2791 Quare,
450 2743 554 2792 qua
587 2725 696 2777 sint
728 2725 853 2777 illae
887 2725 1164 2794 dignitate,
1204 2728 1358 2794 potes
1393 2743 1454 2777 ex
1494 2725 1578 2776 his
1612 2722 1908 2793 suspicari'.

225 2794 505 2849 ‘Praebete
539 2798 706 2865 igitur
739 2798 888 2866 mihi,
930 2798 1162 2867 quaeso,'
1194 2799 1384 2867 inquit,
1425 2797 1507 2850 eex
1540 2797 1658 2850 istis
1691 2797 1911 2867 virgini-

229 2870 323 2922 bus
364 2869 800 2940 formosissimaS,
842 2871 966 2924 dum
998 2872 1165 2942 pingo
1198 2871 1268 2940 id,
1309 2872 1449 2941 quod
1481 2871 1756 2941 pollicitus
1789 2888 1909 2923 sum
