2080 3204
315 144 439 188 XXX
828 143 1183 189 ADNOTATIO
1217 144 1470 189 CRITICA.

314 261 504 304 diorum.
538 285 592 294 --
625 265 693 305 26.
727 262 845 317 quod
875 261 934 304 B¹
965 274 1051 316 quo
1083 259 1115 302 C
1142 275 1229 305 om.
1256 262 1292 316 β.
1330 287 1381 291 -
1415 265 1485 304 28.
1517 262 1620 304 item
1651 261 1768 305 illud
1799 294 1809 304 .
1835 296 1843 304 .
1872 295 1881 304 .
1900 275 1983 318 po-

314 321 418 362 terit
455 320 525 362 uti
567 316 671 363 incl.
704 319 899 362 Sicvers.
933 319 992 362 M.
1026 319 1110 361 Rh.
1144 323 1214 366 28,
1241 323 1338 362 570.
1372 343 1426 350 -
1459 320 1576 374 quod
1607 318 1647 361 H
1680 332 1766 374 quo
1798 319 1893 364 CK.
1927 344 1982 352 —

316 382 384 420 29.
428 380 667 433 apparatis
706 378 864 420 HBP¹
903 381 1124 432 apparate
1154 377 1212 419 P2
1243 378 1484 432 apparatis
1513 378 1655 421 verbis
1684 377 1754 434 bc
1788 402 1839 409 —-
1871 391 1990 428 com--

308 436 508 491 positum
547 441 629 479 aut
659 434 699 477 K
733 461 785 467 —
818 437 955 478 nimis
994 452 1027 477 ω
1059 435 1178 478 Bait.
1223 459 1274 466 -—
1314 436 1506 478 nimium
1538 469 1547 479 .
1585 469 1593 477 .
1627 470 1636 479 .
1671 440 1753 479 aut
1788 435 1894 481 incl.
1927 437 1982 480 K.

317 519 370 525 —
395 499 464 537 31.
491 495 699 538 videatur
724 494 755 538 C
805 495 980 537 videtur
1013 495 1052 550 β.
1086 517 1139 524 —-
1173 497 1242 537 35.
1268 507 1410 535 ‘unum
1440 498 1502 537 est
1526 493 1590 536 H¹
1620 508 1762 537 unum
1791 497 1854 538 est
1884 508 1985 538 cum

315 551 512 608 H²BP6
543 567 684 596 unum
716 565 801 607 quo
827 553 856 594 b
882 577 935 583 —
961 564 1229 607 exponemus
1249 552 1513 605 (trahemus)
1539 551 1641 610 ’0βὲ
1670 578 1722 584 —-
1749 556 1818 597 36.
1842 567 1985 596 unum

315 612 516 666 quodque
531 611 656 668 Pbss.
675 637 723 641 —
745 610 792 651 P.
815 615 852 652 7.
874 616 911 652 1.
937 611 1221 653 ‘narrationis
1237 611 1342 666 estss
1367 634 1422 641 —
1445 614 1485 652 2.
1504 615 1584 653 aut
1599 611 1705 664 fidei
1724 612 1750 668 β
1769 635 1823 642 -
1842 615 1881 654 3.
1901 615 1982 655 aut

316 671 602 712 transitionis
640 682 863 724 suprascr.
906 667 963 711 132
1003 693 1056 700 -
1102 671 1207 723 post
1244 669 1562 723 apparationis
1600 683 1767 725 marg.:
1807 670 1874 713 vel
1911 670 1984 714 de-

317 728 565 771 lectationis
603 733 683 770 aut
726 727 1094 782 amplificationis
1123 727 1154 769 b
1187 728 1503 782 apparationis
1532 727 1600 770 vel
1631 727 1910 778 laudationis
1943 729 1982 786 β.

317 810 370 817 -
407 790 472 828 12.
513 799 586 829 eae
617 784 703 828 ΗΡ
740 786 824 828 hae
862 799 914 829 ae
945 785 980 828 B
1021 787 1091 839 (ae
1127 789 1281 841 punct.
1323 787 1416 828 not.
1455 784 1532 839 ΒΞ)
1572 786 1654 830 hae
1692 785 1760 842 bB
1792 811 1845 818 —
1877 790 1986 830 sunt

318 857 405 886 om.
440 844 521 901 ὒβ.
556 868 610 874 -
646 848 714 886 13.
745 857 816 888 res
843 849 967 901 qesta
997 844 1077 902 bss.
1113 869 1165 875 —
1200 845 1255 887 ab
1289 857 1512 898 suprascr.
1537 843 1591 886 H.
1627 868 1681 876 —
1717 849 1785 888 15.
1809 857 1982 900 arqum.

315 903 630 958 trayycliarum
676 901 789 955 ΗΡ,
833 903 869 945 Β
902 906 1142 958 (suprascr.
1189 903 1256 945 vel
1310 901 1767 956 commediarum'B2)
1812 916 1984 959 aryum.

316 961 611 1004 comediorum
634 960 664 1003 b
697 975 871 1017 arqum.
897 962 1195 1005 comediarum
1229 963 1267 1015 β.
1302 985 1355 992 —-·
1393 965 1457 1003 18.
1485 961 1711 1004 lenitatem
1741 961 1774 1004 C
1806 974 1896 1005 om.
1920 961 1986 1004 H¹

316 1020 535 1062 lei-itatem
576 1019 782 1062 Oudend.
815 1019 976 1063 Graev.
1010 1018 1089 1062 cfr.
1130 1034 1172 1074 p.
1211 1024 1307 1072 135,
1343 1023 1412 1062 27.
1453 1044 1508 1050 —
1552 1023 1619 1062 19.
1661 1032 1812 1063 rerum
1839 1022 1984 1064 varie-

316 1082 426 1120 tates
457 1077 500 1119 H
531 1092 679 1121 rerum
716 1091 890 1133 quoque
927 1079 1165 1121 varietates
1210 1080 1236 1134 β
1274 1091 1423 1121 rerum
1461 1079 1696 1122 varietates
1736 1077 1769 1121 C
1791 1091 1858 1137 ¹ex
1888 1077 1983 1122 Cic.

317 1136 373 1178 de
399 1136 488 1179 inv.
518 1141 555 1188 1,
582 1140 637 1179 27
661 1136 738 1179 inl.
764 1136 943 1179 inclusi.
971 1161 1024 1168 -
1050 1141 1121 1180 22.
1145 1137 1250 1179 haec
1275 1135 1358 1179 CK
1385 1137 1465 1179 hoc
1492 1138 1519 1194 β
1553 1162 1605 1168 --
1637 1137 1909 1192 transiqitur
1939 1135 1983 1179 H

316 1196 590 1250 transiqetur
637 1194 719 1237 BP
749 1196 1059 1249 transiqentur
1090 1193 1218 1251 bssK.
1268 1219 1320 1225 ——-
1362 1199 1431 1237 25.
1479 1208 1591 1250 quae
1635 1197 1850 1249 quoniam
1880 1229 1891 1239 .
1925 1231 1934 1240 .
1969 1204 2009 1240 .“

317 1254 663 1308 coqnoscendum
689 1257 752 1296 est
779 1253 868 1301 del.
894 1252 1093 1308 Langen.
1118 1253 1285 1295 Philol.
1312 1256 1382 1303 36,
1408 1256 1506 1296 578.
1533 1277 1586 1285 -
1613 1258 1681 1296 31.
1707 1258 1749 1297 et
1777 1255 1819 1297 si
1841 1258 1983 1298 trans.

316 1313 456 1354 nullis
479 1316 654 1355 utemur
679 1311 766 1354 del.
798 1311 1032 1355 Ostmann.
1068 1311 1124 1353 de
1149 1311 1489 1365 additamentis,
1521 1325 1639 1366 quae
1670 1312 1719 1354 in
1742 1311 1986 1356 rhetoricis

317 1370 375 1413 ad
399 1370 680 1413 Herennium
703 1369 1013 1422 inveniuntur,
1041 1369 1376 1425 antiquioribus
1402 1369 1508 1412 diss.
1531 1370 1838 1415 Vratislaviae
1858 1373 1970 1415 1876

315 1443 359 1483 p.
389 1435 452 1472 16.
489 1455 542 1459 —
577 1434 644 1472 34.
670 1430 783 1472 scire
812 1427 869 1484 H,
901 1427 937 1471 Ρ
981 1430 1017 1484 (i
1055 1442 1153 1484 sup.
1193 1442 1215 1471 e
1253 1430 1355 1482 scr.)
1392 1429 1504 1472 sciri
1543 1426 1575 1471 C
1618 1428 1697 1471 cfr.
1729 1427 1881 1472 Halm.
1912 1443 1985 1474 an.

317 1487 436 1530 Tull.
468 1502 512 1542 p.
539 1491 564 1529 3
598 1488 700 1530 adn.
728 1491 766 1530 5.
801 1511 854 1518 —-
886 1486 935 1529 P.
961 1492 1001 1531 8.
1035 1491 1072 1530 3.
1107 1501 1162 1529 ne
1193 1488 1302 1542 quid
1324 1487 1454 1530 nobis
1475 1488 1603 1531 semel
1625 1488 1676 1531 id
1697 1487 1816 1543 quod
1844 1500 1987 1545 supra

316 1546 518 1589 discimus
548 1545 590 1588 H
623 1549 697 1600 (ne
719 1547 734 1600 11
757 1546 909 1601 quid),
952 1546 987 1587 P
1027 1559 1082 1588 ne
1120 1546 1170 1589 id
1209 1546 1327 1600 quod
1364 1558 1506 1606 suprgi
1543 1546 1744 1588 diximus
1774 1544 1811 1587 B
1844 1547 1986 1598 (semel

317 1608 424 1647 ante
469 1617 612 1659 supra
658 1618 880 1660 suprascr.
923 1603 1000 1658 ΒΞ)
1040 1618 1096 1647 ne
1131 1605 1181 1647 id
1218 1605 1336 1659 quod
1373 1617 1516 1659 supra
1552 1605 1680 1647 semel
1716 1605 1916 1648 diximus
1954 1604 2001 1647 b.

316 1663 446 1706 nobis
475 1676 531 1706 ne
561 1664 612 1706 id
642 1664 760 1718 quod
790 1663 918 1707 semel
947 1675 1090 1717 supra
1113 1663 1313 1706 discimus
1346 1663 1373 1720 β
1402 1676 1457 1705 ne
1480 1663 1530 1706 id
1546 1662 1678 1718 quod
1707 1663 1836 1706 semel
1864 1663 1984 1706 dixi-

316 1734 415 1764 mus
432 1719 523 1763 Erf.
544 1719 584 1762 K
610 1721 759 1764 fort.:
785 1735 848 1764 ne
875 1719 1006 1775 quid
1030 1720 1190 1764 nobis
1214 1720 1385 1764 semel
1413 1720 1635 1764 dictum.
1662 1746 1715 1752 —
1738 1725 1776 1764 5.
1794 1721 1987 1777 virqinis

316 1779 358 1822 H
381 1781 554 1834 rirqz'ni
592 1778 688 1822 CK.
729 1804 783 1811 —
827 1784 865 1823 7.
897 1784 949 1822 ut
979 1780 1193 1834 quicquid
1223 1779 1301 1822 cfr.
1335 1778 1535 1835 Madvig.
1576 1780 1633 1822 de
1675 1779 1749 1822 fin.
1783 1779 1838 1833 V,
1863 1784 1904 1834 9,
1928 1783 1987 1823 24
2044 1831 2047 1835 ,

317 1853 359 1893 p.
395 1843 491 1881 655.
525 1839 800 1881 Lachmann.
832 1838 881 1881 in
913 1837 1090 1881 Lucret.
1123 1837 1177 1892 V,
1203 1842 1302 1882 264.
1334 1837 1534 1894 Langen.
1559 1837 1676 1881 Phil.
1702 1842 1772 1891 36,
1798 1842 1897 1883 582.
1930 1863 1983 1869 —-

320 1902 387 1938 11.
419 1911 473 1940 ne
503 1897 613 1951 quid
643 1900 838 1941 contorte
868 1896 898 1939 b
927 1910 984 1940 ne
1013 1897 1124 1952 quid
1156 1901 1270 1940 cont.
1302 1910 1357 1940 ne
1394 1897 1504 1952 quid
1535 1897 1740 1952 ambique
1769 1895 1866 1953 B²ss
1897 1909 1983 1940 om.

318 1953 549 1997 ΙΞΙΒῙΡΚ2
589 1979 642 1987 —
680 1969 736 1998 ne
773 1955 884 2010 quid
922 1957 1028 1999 novi
1060 1954 1091 1998 C
1123 1968 1178 1998 ne
1215 1955 1327 2010 quid
1356 1968 1466 1998 nove
1495 1968 1550 1999 ne
1580 1955 1690 2010 quid
1719 1955 1925 2011 ambique
1953 1954 1985 1997 b

317 2027 373 2056 ne
410 2015 520 2069 quid
557 2014 719 2057 nodose
751 2014 842 2068 (vel
881 2026 981 2056 cum
1023 2014 1171 2066 nodis)
1213 2012 1290 2057 cfr.
1325 2011 1512 2064 Quintil.
1545 2017 1586 2066 9,
1616 2017 1657 2066 4,
1685 2017 1781 2056 127.
1823 2012 1895 2057 W.
1929 2038 1983 2045 —

322 2076 388 2114 12.
420 2085 476 2115 ne
506 2086 640 2127 quam
670 2108 678 2115 .
710 2107 718 2115 .
747 2107 755 2116 .
782 2085 1103 2127 persequamur
1141 2071 1230 2114 del.
1277 2071 1453 2115 Sievers
1483 2069 1543 2113 M.
1577 2071 1661 2114 Rh.
1694 2075 1764 2125 28,
1797 2075 1894 2115 571.
1928 2096 1984 2104 -

322 2135 389 2174 13.
429 2144 484 2173 -ne
515 2131 571 2173 ab
603 2131 761 2173 ultimo
796 2164 804 2172 .
832 2163 841 2172 .
869 2166 877 2175 .
908 2143 1226 2186 persequamur
1270 2130 1556 2184 transposuit
1602 2134 1709 2185 post
1743 2135 1998 2185 praecepta-

317 2193 425 2233 sunt
461 2188 718 2232 Hoffmann.
759 2188 915 2244 Progr.
964 2189 1234 2244 Realgymn.
1275 2187 1518 2231 Mfinchen.
1552 2192 1664 2231 1879
1711 2203 1754 2244 p.
1780 2193 1866 2242 24,
1904 2188 1986 2232 sed

319 2247 399 2291 cfr.
432 2248 641 2290 Roemer.
662 2246 816 2290 Fleck.
847 2251 943 2300 119,
969 2251 1067 2290 824.
1095 2272 1147 2279 —
1177 2251 1241 2290 15.
1268 2249 1308 2290 si
1338 2248 1593 2302 quaerimus
1616 2245 1659 2288 H
1687 2248 1730 2304 si
1758 2259 1986 2302 sequemwr

320 2305 401 2348 BP
424 2308 466 2350 si
481 2319 794 2362 persequemur
823 2306 854 2348 b
879 2318 1194 2361 persequemur
1219 2307 1245 2362 β
1270 2331 1323 2336 -
1352 2310 1417 2349 16.
1446 2306 1566 2361 quod
1589 2306 1761 2349 brevior
1783 2305 1832 2349 B.
1858 2330 1912 2337 ——
1937 2318 1986 2350 eo
2030 2346 2034 2350 .

321 2378 406 2408 om.
425 2363 581 2407 H¹BP
608 2389 661 2397 —
688 2365 863 2419 coqnito
882 2364 957 2408 H¹.
984 2389 1036 2395 -—
1065 2368 1133 2406 24.
1152 2365 1387 2408 narrando
1406 2363 1507 2407 Cin
1529 2363 1764 2408 narrando
1780 2364 1981 2420 Langen.

318 2423 483 2466 Philol.
515 2427 585 2477 36,
616 2427 714 2467 583.
743 2447 795 2454 ——
823 2427 891 2465 25.
924 2424 997 2466 sin
1026 2427 1158 2466 erunt
1186 2424 1314 2477 fictae
1337 2423 1417 2478 Ηβ
1440 2423 1592 2476 (ficte),
1616 2423 1691 2466 sin
1719 2426 1852 2466 erunt
1879 2423 1986 2475 ficta

319 2481 399 2524 BP
424 2483 497 2524 sin
520 2487 651 2525 erunt
672 2483 789 2533 facte
812 2484 1050 2536 (suprascr.
1076 2482 1188 2535 ficte)
1222 2483 1251 2523 b
1275 2483 1348 2525 sin
1371 2482 1456 2524 erit
1477 2481 1584 2534 ficta
1607 2497 1641 2524 ω
1666 2480 1708 2522 Κ
1731 2480 1808 2524 cfr.
1833 2479 1984 2524 Halm.

319 2553 390 2583 an.
425 2539 473 2581 T.
501 2555 541 2596 p.
570 2546 597 2583 4
629 2539 732 2583 adn.
759 2545 797 2582 2.
831 2541 872 2583 si
895 2553 966 2583 res
995 2545 1125 2583 erunt
1154 2540 1284 2593 fictae
1307 2539 1379 2582 W.
1407 2565 1458 2570 —
1486 2544 1554 2583 26.
1587 2540 1914 2583 conservandae
1940 2537 2003 2587 Η,

321 2622 374 2630 —·
414 2598 485 2641 his
522 2598 564 2640 Η
603 2599 656 2642 cle
693 2599 765 2642 his
804 2597 850 2641 C.
892 2623 944 2629 -—
989 2599 1327 2653 confinqendum
1367 2598 1396 2641 b
1437 2597 1824 2654 conninqe'ndum
1853 2599 1894 2655 β.
1928 2622 1982 2629 -

321 2660 389 2699 30.
422 2658 533 2712 quia
566 2657 611 2699 C.
644 2671 757 2712 quae
789 2673 822 2699 ω
857 2657 896 2699 Κ
929 2682 983 2688 —-
1015 2657 1403 2700 insinuationibus
1442 2655 1475 2700 C
1512 2657 1823 2700 insinuatione
1853 2672 1888 2698 ω
1918 2655 1983 2699 K¹

320 2740 374 2747 —
420 2728 562 2759 novae
606 2715 640 2757 B
675 2739 728 2746 —
761 2729 857 2759 eam
902 2713 1093 2773 ΗὶηὶΚι
1134 2729 1187 2759 ea
1225 2715 1260 2757 B
1299 2728 1372 2758 eas
1410 2715 1445 2758 P
1486 2740 1539 2746 —
1579 2715 1664 2759 soli
1702 2727 1783 2758 nos
1813 2714 1894 2772 bss.
1926 2738 1981 2746 —

320 2778 390 2817 34.
424 2775 474 2817 in
503 2786 589 2830 quo
620 2772 765 2816 HBP.
797 2799 846 2804 —
874 2777 943 2816 35.
976 2774 1176 2828 officium
1206 2773 1235 2816 b
1247 2775 1286 2829 β.
1308 2799 1367 2823 ,—
1393 2777 1461 2818 36.
1493 2773 1718 2817 industrie
1748 2789 1783 2815 ω
1814 2772 1870 2826 Κ,
1900 2772 1980 2816 cfr.
2022 2801 2027 2805 ·

320 2830 471 2875 Halm.
515 2846 586 2877 an.
620 2831 668 2875 T.
702 2846 744 2887 p.
780 2836 807 2874 4
839 2831 941 2875 adn.
975 2838 1015 2875 4.
1058 2858 1108 2863 -—
1150 2832 1198 2875 P.
1226 2837 1265 2875 9.
1298 2837 1337 2875 4.
1365 2845 1449 2888 per
1477 2832 1785 2875 narrationem
1813 2830 1916 2884 ΗΡ,
1948 2831 1982 2873 Β

323 2893 557 2946 (perorata
594 2891 860 2934 narratione
900 2903 1137 2946 suprascr„
1177 2890 1340 2934 deinde
1365 2895 1469 2946 post
1500 2903 1638 2946 snpra
1660 2893 1876 2946 perorata
1906 2887 1981 2942 ΒΞ)
