2080 3204
656 81 1006 127 ADNOTATIO
1042 82 1293 128 CRITICA.
1656 85 1819 130 CXXV

134 201 234 244 tam
265 200 327 245 ad
358 213 454 244 eam
484 201 632 255 ipsam
670 213 776 254 rem,
807 214 897 256 qua
935 201 988 244 de
1027 199 1177 244 redeo.
1219 224 1274 232 -
1314 198 1361 243 P.
1407 205 1473 245 10.
1518 206 1585 246 17.
1624 203 1817 256 fortuito

137 259 278 302 scribi
308 258 444 302 iussit
466 258 672 314 Madvig.
706 260 763 302 de
794 260 869 304 fin.
895 257 951 311 V,
976 263 1032 302 33
1058 273 1102 314 p.
1136 263 1219 302 673
1255 258 1324 302 ed.
1356 273 1425 314 pr.
1459 259 1537 304 cfr.
1571 274 1615 316 p.
1649 265 1719 314 28,
1746 267 1813 306 26.

135 341 191 348 —
222 317 274 361 P.
307 321 375 361 14.
409 321 478 361 33.
510 317 592 362 hoc
623 315 914 362 constituitur
944 318 1072 361 modo
1104 318 1221 361 bene
1247 317 1515 361 emendasse
1539 318 1656 362 mihi
1687 319 1814 363 vide—

133 377 210 418 tur
241 375 314 418 W.
347 399 402 407 —
435 375 485 419 P.
519 380 587 420 66.
623 381 692 420 35.
725 377 866 420 verbo
898 376 1110 420 monendi
1139 389 1209 419 res
1250 375 1434 433 obiecta
1471 388 1563 420 non
1601 377 1816 433 adposita

134 435 206 477 est
236 435 284 478 in
314 432 436 478 Livii
467 433 546 477 lib.
582 433 724 488 XXII,
759 440 828 485 61,
864 439 932 478 13.
960 460 1015 467 -
1040 433 1087 478 P.
1115 439 1183 478 82.
1214 439 1281 478 11.
1307 447 1395 479 esse
1426 436 1550 480 debet
1580 437 1814 492 scripsisse

135 493 307 536 malim.
341 517 396 524 —
428 493 477 536 P.
513 497 582 536 91.
616 498 685 537 32.
721 507 776 536 ex
807 493 895 536 ΗΒ
927 494 979 537 in
1009 507 1089 548 me,
1122 494 1241 549 quod
1274 494 1399 548 libet,
1433 495 1618 538 statuite
1650 495 1814 539 scribo.

131 549 277 595 Paulo
309 552 417 595 ante
448 555 592 595 vestro
624 552 817 596 arbitrio
849 551 1001 605 scribi,
1034 554 1173 608 paulo
1199 553 1306 608 post
1329 554 1527 607 statuite,
1560 554 1716 597 dieite:
1748 558 1814 598 at—

131 623 215 664 que
260 609 482 666 distingui
526 609 656 654 iubet
686 610 759 654 W.
804 636 857 641 —
898 611 948 654 P.
990 615 1058 655 94.
1101 615 1171 654 24.
1220 612 1506 667 adsumptam
1551 611 1722 668 B1be1.
1758 637 1812 643 —

132 666 244 712 Cum
276 668 325 712 in
355 668 399 711 H
430 670 536 724 post
566 673 630 713 est
659 681 818 712 rasura
850 668 926 725 sit,
956 669 1080 712 haud
1115 670 1210 714 scio
1236 683 1295 712 an
1319 670 1488 714 rectius
1513 684 1568 715 ex
1591 671 1679 714 hoo
1712 671 1812 715 cod.
1897 726 1901 729 ᾖ

131 728 340 771 circuitio
370 732 456 781 est,
494 741 587 782 qua
617 729 763 771 oratio
794 740 886 770 rem
917 728 1161 783 simplicem
1193 729 1520 773 circumscribit
1552 730 1814 786 [adsumpta

130 786 392 842 elocutione]
427 785 666 830 scribatur.
692 812 746 817 —
770 785 819 828 P.
848 790 946 831 100.
981 792 1048 830 37.
1081 788 1134 829 in
1164 788 1316 831 sinum
1349 787 1524 844 scripsi.
1574 788 1678 844 Opt.
1713 789 1812 833 cod.

130 843 270 889 lectio
293 843 521 900 speciosa:
547 844 693 889 veluti
716 843 898 888 hostiae
925 844 1047 889 enim
1071 845 1207 889 liberi
1230 846 1515 901 iugulantur,
1547 849 1601 890 ut
1624 847 1812 903 sanguis

129 903 179 946 in
208 904 455 959 parentum
495 903 620 948 sinus
666 903 899 947 fundatur.
965 903 1053 947 Cfr.
1095 903 1230 960 Vei-g.
1277 906 1389 949 Aen.
1438 904 1516 958 XI,
1569 911 1664 950 199.
1713 905 1811 961 XII,

130 965 230 1005 204.
289 957 467 1006 Ὀδυσσ.
507 966 545 1006 λ.
579 967 649 1007 36.
682 963 948 1007 —heredes
978 962 1070 1006 ΗΡ
1123 965 1137 1019 ΙΙ
1161 965 1257 1007 edes
1306 965 1341 1007 B
1383 965 1519 1019 pedes
1567 965 1598 1007 C
1648 965 1811 1008 dubito

130 1035 241 1063 num
272 1022 411 1077 recte,
445 1022 562 1065 lares
592 1022 668 1065 vel
692 1026 881 1077 penates
914 1021 1135 1075 Oudend.‚
1170 1022 1250 1065 sed.
1283 1023 1363 1067 cfr.
1399 1022 1489 1066 Cic.
1515 1023 1633 1067 Phil.
1667 1022 1744 1079 111,
1769 1029 1810 1066 4.

43 1086 51 1090 ·
130 1105 185 1111 —-
216 1078 265 1123 P.
301 1084 396 1124 101.
434 1085 471 1123 1.
497 1093 630 1136 posse
659 1079 784 1123 HB¹.
819 1106 872 1112 —
906 1085 945 1123 2.
979 1093 1059 1125 nec
1092 1080 1124 1124 C
1157 1085 1198 1124 et
1240 1083 1266 1139 β
1299 1107 1354 1114 -
1387 1082 1635 1126 orationem
1665 1083 1722 1125 H.
1756 1107 1811 1115 —

127 1136 176 1182 P.
212 1142 309 1181 111.
346 1143 384 1182 1.
417 1140 602 1183 decuma
633 1138 766 1182 HBP
799 1140 859 1183 ad
883 1141 1114 1183 decumam
1137 1139 1226 1194 ][)β1
1251 1142 1310 1184 ad
1335 1141 1549 1185 decimam
1577 1139 1637 1199 {32.
1678 1139 1811 1185 Nunc

127 1198 315 1241 decuma
344 1197 570 1254 praefero,
605 1212 709 1243 cum
739 1197 887 1241 latum
918 1212 951 1241 u
983 1199 1281 1242 ostentatoris
1313 1199 1685 1255 pronuntiationi
1717 1213 1810 1243 me-

125 1255 216 1299 lius
248 1256 506 1300 conveniat.
539 1282 593 1288 —
627 1262 667 1300 2.
700 1257 774 1301 illi
820 1270 906 1301 om.
941 1257 1041 1301 ΗΡ.
1091 1283 1146 1289 -—
1179 1258 1351 1302 decima
1396 1259 1440 1301 H
1487 1259 1691 1314 (decuma
1736 1272 1809 1314 ap.

126 1315 279 1359 Halm.
313 1318 556 1371 suprascr.)
588 1315 624 1357 B
659 1317 695 1373 (i
726 1330 781 1360 ex
811 1330 843 1358 u
875 1320 1028 1370 corin),
1071 1318 1098 1374 β
1140 1317 1326 1361 decuma
1363 1317 1453 1360 Pb.
1487 1341 1542 1348 —
1578 1322 1615 1360 7.
1648 1317 1810 1373 vulga-

126 1375 225 1416 tam
256 1375 497 1429 angiporto
528 1379 619 1418 toto
651 1374 878 1429 praefero,
910 1389 1018 1418 nam
1043 1375 1206 1430 plenus
1229 1375 1307 1418 hic
1333 1388 1481 1419 sermo
1507 1375 1686 1418 homini
1711 1377 1809 1430 glo-

124 1432 247 1476 rioso
280 1432 433 1488 aptior
457 1435 539 1477 est.
565 1459 620 1465 —
646 1432 694 1477 P.
731 1439 826 1477 123.
865 1439 930 1478 15.
963 1439 1194 1490 tantopere
1216 1433 1257 1476 D
1283 1448 1463 1490 quoque
1487 1435 1643 1478 habet.
1692 1433 1810 1477 Item

128 1505 231 1534 cum
264 1492 452 1547 optimis
487 1491 585 1536 cod.
619 1507 662 1548 p.
698 1497 796 1545 200,
831 1497 885 1535 21
922 1495 968 1537 et
999 1498 1069 1547 22,
1101 1507 1368 1550 magnopere
1399 1508 1443 1549 p.
1477 1497 1578 1547 216,
1613 1498 1681 1537 33.
1709 1497 1807 1542 221,

125 1554 182 1593 24
213 1549 309 1606 legi
340 1551 461 1595 volo,
537 1551 627 1595 Sed
664 1550 711 1593 P.
748 1556 851 1604 134,
889 1555 940 1594 12
982 1565 1152 1596 summo
1197 1566 1324 1608 opere
1357 1552 1651 1595 scribendum
1676 1549 1809 1595 'vide-

124 1609 222 1662 tur,
256 1622 361 1652 cum
398 1614 524 1653 sumo
556 1623 664 1666 pere
701 1610 749 1653 in
788 1610 831 1652 H
878 1613 1036 1654 exstet.
1102 1610 1189 1654 Cfr.
1225 1627 1268 1667 p.
1305 1616 1402 1665 154,
1435 1616 1503 1654 21.
1538 1636 1595 1642 -
1624 1610 1673 1654 P.
1709 1614 1807 1654 144.

125 1673 165 1712 8.
200 1668 486 1722 conferunda
518 1669 736 1726 corrigas,
800 1668 916 1713 Item
956 1684 998 1725 p.
1042 1674 1149 1724 215,
1191 1674 1212 1713 1
1248 1671 1494 1724 referunda
1534 1684 1589 1713 ex
1619 1668 1717 1713 HS.
1753 1694 1806 1701 —

123 1726 173 1770 P.
210 1731 307 1770 148.
341 1731 410 1771 28.
446 1732 675 1782 optumum
702 1726 786 1783 (H1
812 1740 884 1783 ap.
911 1728 1098 1784 Halm),
1132 1733 1200 1772 32.
1228 1734 1471 1784 optumum,
1502 1733 1570 1770 33.
1599 1732 1809 1782 optumae

126 1798 181 1829 ex
211 1785 298 1829 hoc
332 1786 432 1831 cod.
465 1786 731 1842 recipienda
764 1788 911 1830 erant.
947 1812 1001 1818 —
1034 1786 1082 1832 P.
1120 1792 1217 1831 189.
1254 1792 1320 1830 19.
1354 1788 1513 1831 iisdem
1544 1785 1580 1828 P
1610 1788 1748 1831 isdem
1780 1788 1808 1845 β

123 1844 292 1888 hisdem
324 1843 369 1888 C.
406 1869 460 1875 —
493 1849 562 1888 22.
595 1845 764 1891 hisdem
789 1845 822 1890 C
855 1846 1015 1891 eisdem
1046 1845 1082 1888 P
1115 1848 1171 1903 (22)
1204 1847 1342 1891 isdem
1377 1848 1416 1905 β.
1465 1845 1670 1902 Utroque
1702 1845 1806 1890 loco

121 1903 141 1946 i
170 1902 298 1960 prius
331 1903 501 1948 deleas.
