2075 3235
145 133 199 172 61
535 127 714 170 LIBER
744 126 800 170 II.
857 126 981 171 GAP.
1016 131 1145 171 3-4.
1196 132 1233 180 ξ.
1269 133 1427 172 6-12,
1717 129 1818 180 177

143 247 228 299 his
269 246 421 298 libris
464 250 815 314 exponuntur,
866 248 1065 314 quanto
1108 263 1266 314 opere
1307 246 1552 315 eligenda
1591 247 1820 316 fuerunt,

142 322 296 372 tanto
324 318 499 371 studio
528 320 696 371 electa
722 322 859 385 sunt,
895 317 1136 387 profecto
1169 336 1340 386 neque
1364 337 1462 371 nos
1486 338 1657 388 neque
1685 321 1818 373 alios

142 392 436 444 industriae
461 395 680 444 nostrae
713 391 1023 461 paenitebit.
1066 390 1158 443 Sin
1184 395 1364 444 autem
1389 396 1589 445 temere
1616 394 1819 461 aliquid

143 465 366 518 alicuius
399 466 720 533 praeterisse
755 468 848 517 aut
879 483 987 516 non
1022 465 1152 516 satis
1187 466 1462 534 eleganter
1487 467 1656 518 secuti
1681 467 1819 518 vide—

97 538 340 605 5bimur,
379 538 522 590 docti
569 539 636 590 ab
685 539 865 606 aliquo
912 537 1070 589 facile
1118 541 1172 590 et
1218 539 1450 590 libenter
1498 540 1820 592 sententiam

141 612 605 664 commutabimus.
688 611 813 663 Non
861 611 1000 662 enim
1051 629 1241 679 parum
1290 630 1571 682 cognosse,
1627 613 1719 664 sed
1765 613 1821 664 in

139 703 331 753 parum
383 685 599 755 cognito
652 685 817 736 stulte
865 687 918 736 et
965 683 1055 735 diu
1101 702 1471 752 perseverasse
1520 690 1675 755 turpe
1723 690 1820 754 est,

139 761 425 826 propterea
452 758 592 826 quod
623 759 853 810 alterum
886 758 1157 809 communi
1188 758 1467 810 hominum
1500 759 1820 827 infirmitati,

140 831 370 883 alterum
404 832 665 900 singulari
698 831 951 899 cuiusque
975 830 1108 882 vitio
1135 834 1217 882 est
1243 832 1579 884 attributum.
1642 833 1818 895 Quare

74 922 114 953 10
138 922 237 957 nos
287 904 501 973 quidem
549 905 661 957 sine
708 905 821 956 ulla
868 904 1240 956 adfirmatione
1298 905 1456 957 simul
1505 910 1818 975 quaerentes

140 977 449 1030 dubitanter
487 997 651 1030 unum
692 978 922 1046 quidque
963 977 1214 1045 dicemuS,
1253 996 1335 1042 ne,
1376 979 1500 1030 dum
1532 980 1818 1048 parvulum

140 1051 284 1118 [hoc]
328 1069 736 1120 consequamur,
776 1055 836 1103 ut
884 1051 1015 1103 satis
1063 1051 1195 1104 haec
1242 1053 1519 1104 commode
1558 1054 1819 1122 perscrip-

138 1125 271 1177 sisse
310 1125 606 1193 videamur,
657 1125 790 1177 illud
831 1125 1167 1192 amittamiiS,
1209 1125 1351 1193 quod
1390 1126 1681 1178 maximum
1724 1130 1820 1194 est,

136 1202 198 1250 ut
241 1216 308 1250 ne
358 1199 442 1250 cui
487 1199 565 1251 rei
604 1202 804 1250 temere
845 1202 1005 1266 atque
1047 1198 1370 1266 adroganter
1410 1199 1818 1252 adsenserimus.

69 1286 111 1319 15
135 1270 335 1324 Verum
391 1272 492 1324 hoc
548 1272 760 1340 quidem
814 1290 912 1324 nos
972 1275 1025 1323 et
1070 1272 1128 1322 in
1173 1272 1274 1324 hac
1325 1273 1613 1341 [tempore]
1664 1277 1716 1325 et
1764 1274 1820 1325 in

138 1345 284 1397 omni
317 1345 429 1397 vita
462 1345 714 1413 studiose,
756 1345 931 1413 quoad
963 1345 1196 1397 facultas
1228 1345 1381 1412 feret,
1421 1364 1818 1415 consequemur.

134 1417 290 1471 Nunc
331 1421 527 1486 autem,
565 1437 631 1470 ne
672 1418 888 1487 longius
929 1419 1102 1470 oratio
1135 1436 1424 1486 progressa
1454 1420 1716 1489 videatur,
1756 1420 1818 1472 de

134 1491 372 1561 reliquiS,
413 1510 547 1560 quae
587 1491 963 1560 praecipienda
1003 1492 1252 1544 videntur
1292 1510 1424 1560 esse,
1465 1493 1715 1546 dicemus.

281 1565 458 1634 Igitur
496 1565 702 1634 primus
757 1565 915 1633 liber,
965 1566 1210 1634 exposito
1253 1583 1447 1635 genere
1487 1567 1644 1619 huius
1686 1567 1817 1620 artis

68 1655 110 1686 ρο
136 1641 189 1691 et
236 1637 413 1691 officio
463 1642 515 1690 et
554 1639 658 1691 fine
701 1641 754 1690 et
792 1639 1022 1691 materia
1061 1642 1115 1690 et
1154 1639 1423 1708 partibUS,
1464 1657 1660 1709 genera
1700 1659 1819 1693 con-

133 1712 517 1764 troversiarum
559 1715 612 1764 et
650 1712 987 1764 inventiones
1029 1714 1106 1779 [et
1145 1713 1558 1766 constitutiones
1600 1718 1653 1766 et
1687 1714 1818 1766 iudi-

135 1786 396 1851 cationes]
439 1785 765 1853 continebat,
807 1786 992 1838 deinde
1029 1789 1211 1855 partes
1246 1787 1504 1839 orationis
1540 1790 1593 1839 et
1631 1788 1688 1839 in
1729 1806 1817 1840 eas

135 1877 318 1912 omnes
362 1860 543 1911 omnia
582 1863 883 1928 praecepta.
947 1858 1122 1920 Quare
1163 1878 1280 1912 cum
1320 1860 1377 1912 in
1418 1879 1478 1913 eo
1520 1861 1711 1913 ceteris
1755 1862 1818 1913 de

134 1934 292 1985 rebus
341 1933 644 1984 distinctius
694 1933 895 1985 dictum
945 1933 1038 2001 sit,
1087 1933 1325 2002 disperse
1374 1937 1554 1986 autem
1596 1935 1658 1986 de
1699 1953 1818 1987 con-

68 2021 110 2054 25
135 2006 438 2059 firmatione
492 2009 546 2058 et
600 2006 662 2058 de
717 2006 1151 2074 reprehensione,
1205 2025 1346 2059 nunc
1401 2011 1574 2060 certos
1628 2008 1816 2061 confir-

134 2080 317 2132 mandi
364 2083 418 2132 et
463 2080 884 2149 reprehendendi
930 2080 986 2132 in
1034 2080 1249 2150 singula
1297 2099 1578 2134 causarum
1620 2099 1817 2150 genera

133 2155 280 2206 locos
321 2153 608 2206 tradendos
643 2154 982 2207 arbitramur.
1058 2153 1132 2205 Et
1173 2154 1320 2222 quia,
1369 2173 1472 2222 quo
1512 2159 1670 2224 pacto
1712 2159 1816 2207 tra-

135 2228 272 2280 ctari
318 2227 627 2280 conveniret
659 2228 1170 2298 argumentationes,
1216 2227 1274 2279 in
1312 2228 1452 2280 libro
1494 2229 1669 2297 primo
1708 2246 1817 2281 non

133 2301 479 2371 indiligenter
528 2301 832 2370 expositum
886 2305 989 2370 est,
1036 2301 1123 2354 hic
1174 2304 1388 2354 tantum
1434 2302 1554 2370 ipsa
1599 2302 1817 2355 inventa

67 2390 110 2422 30
134 2393 296 2427 unam
345 2393 610 2443 quamque
664 2375 721 2426 in
775 2393 888 2427 rem
944 2378 1277 2444 exponentur
1332 2375 1651 2444 simpliciter
1703 2375 1816 2427 sine

133 2448 248 2500 ulla
288 2449 650 2515 exornatione,
688 2452 748 2500 ut
781 2467 842 2501 ex
873 2449 975 2501 hoc
1007 2449 1227 2501 inventa
1266 2449 1399 2517 ipsa,
1441 2467 1503 2500 ex
1543 2449 1816 2518 superiore

135 2524 316 2573 autem
379 2521 637 2590 expolitio
703 2523 1045 2575 inventorum
1108 2525 1338 2590 petatur.
1434 2520 1608 2582 Quare
1670 2522 1816 2590 haec,

135 2613 269 2664 quae
315 2613 455 2647 nunc
503 2595 918 2664 praecipientur,
968 2596 1034 2648 ad
1083 2595 1507 2648 confirmationis
1549 2599 1602 2648 et
1641 2614 1816 2665 repre-

132 2668 406 2720 hensionis
446 2672 630 2737 partes
669 2668 867 2722 referre
908 2669 1197 2738 oportebit.

66 2755 109 2789 35
282 2740 469 2794 Omnis
518 2746 571 2794 et
619 2741 1043 2796 demonstrativa
1091 2745 1144 2794 et
1190 2742 1543 2795 deliberativa
1595 2745 1647 2794 et
1686 2741 1815 2794 iudi-

134 2815 282 2868 cialis
332 2833 493 2867 causa
538 2833 753 2868 necesse
801 2819 883 2868 est
921 2817 977 2868 in
1025 2816 1205 2884 aliquo
1248 2834 1454 2883 eorum,
1506 2834 1641 2884 quae
1692 2819 1814 2867 ante

134 2888 380 2959 exposita
427 2892 572 2952 sunt,
626 2888 1026 2942 constitutionis
1076 2907 1290 2960 genere,
1337 2908 1443 2942 uno
1490 2889 1800 2958 pluribusve

224 2982 367 3016 c1c.1.
1407 2980 1458 3018 12

1854 850 1908 890 10

1854 1584 1904 1623 11

1854 2714 1883 2763 4

1839 2788 1887 2826 12
