2075 3235
96 128 150 171 '11
440 121 619 166 LIBER
650 121 705 166 11.
770 119 898 166 CAP.
933 124 1118 165 12—13.
1173 124 1197 173 §
1229 125 1416 164 37—43.
1666 119 1768 173 187

95 242 392 309 videamur,
448 240 683 292 breviter
728 239 1030 306 iniciemus,
1087 238 1213 307 quid
1259 256 1467 306 quaque
1517 238 1573 290 in
1620 243 1772 306 parte

96 313 423 369 considerari
463 315 727 380 oporteat
804 311 868 364 In
906 312 1024 364 loco
1064 311 1231 380 igitur
1270 311 1677 380 opportunitas,
1717 312 1773 362 in

95 391 334 456 tempore
390 386 779 455 longinquitas,
840 385 897 436 in
965 385 1242 437 occasione
1296 384 1650 437 commoditas
1707 383 1773 435 ad

94 459 394 514 faciendum
427 459 633 527 idonea,
669 459 725 510 in
755 458 1013 510 facultate
1046 458 1200 526 copia
1232 460 1286 509 et
1316 461 1558 526 potestas
1592 475 1772 509 earum

52 547 296 600 brorum,
348 536 570 601 propter
624 550 756 600 quas
812 530 1011 598 aliquid
1067 530 1277 583 facilius
1328 531 1391 582 fit
1439 534 1532 582 aut
1581 530 1774 598 quibus

97 606 211 659 sine
251 605 469 658 omnino
509 605 696 658 confici
726 621 836 656 non
866 606 1060 672 potest,
1101 604 1483 656 consideranda
1516 607 1611 655 est.
1674 602 1775 655 De·
1808 621 1859 659 41

94 678 218 731 inde
263 678 549 730 videndum
597 682 698 744 est,
745 676 872 758 quid
918 676 1226 728 adiunctum
1275 677 1346 728 sit
1384 677 1628 746 negotio,
1675 676 1777 727 hoc

96 755 193 818 est,
233 751 359 820 quid
401 751 587 818 maius,
628 750 755 818 quid
795 750 986 817 minUS,
1028 749 1154 818 quid
1196 768 1360 818 aeque
1394 768 1650 818 magnum
1691 749 1778 816 sit,

97 823 223 893 quid
278 824 477 891 siinile3
533 841 596 876 ex
648 824 839 891 quibus
889 823 1194 875 coniectura
1242 823 1503 890 quaedam
1552 823 1777 889 ducitur,

33 912 74 944 ιο
99 898 161 965 si,
192 896 640 965 quemadmodum
671 914 755 948 res
782 896 1026 963 maiores,
1058 896 1308 963 minores,
1343 914 1509 963 aeque
1535 913 1778 964 magnae,

98 971 301 1024 similes
335 971 424 1040 agi
460 970 683 1036 soleant,
724 969 1009 1039 diligenter
1047 969 1487 1021 considerabitur.
1566 968 1682 1030 Quo
1724 969 1781 1019 in

98 1061 292 1114 genere
325 1047 546 1096 eventus
580 1061 788 1111 quoque
822 1042 1078 1094 videndus
1116 1042 1233 1110 erit,
1272 1042 1373 1094 hoc
1414 1047 1509 1109 est,
1550 1042 1676 1110 quid
1718 1059 1780 1093 ex

99 1134 308 1185 quaque
340 1135 396 1169 re
430 1117 601 1169 soleat
632 1116 858 1183 evenire,
891 1118 1109 1185 [magno
1144 1133 1303 1185 opere
1337 1114 1776 1167 considerandum

98 1192 217 1256 est,]
274 1193 335 1242 ut
388 1193 586 1256 metus,
642 1189 874 1256 laetitia,
928 1189 1209 1256 titubatio,
1257 1189 1490 1241 audacia.
1576 1187 1781 1249 Quarta
1814 1206 1868 1245 42

33 1277 74 1310 15
99 1266 279 1315 autem
320 1281 446 1332 pars
485 1263 645 1314 rebus
680 1266 795 1314 erat
828 1280 889 1313 ex
923 1263 1003 1328 iis,
1038 1280 1170 1330 quas
1204 1262 1437 1331 negotiis
1473 1262 1778 1314 dicebamus

98 1354 215 1389 esse
248 1337 554 1402 attributas,
595 1336 914 1388 consecutio
976 1335 1039 1386 In
1072 1353 1133 1387 ea
1167 1338 1497 1402 quaeruntur
1529 1353 1606 1402 ea,
1647 1353 1781 1402 quae

99 1414 312 1480 gestum
351 1409 632 1478 negotium
673 1407 956 1461 confestim
998 1412 1091 1460 aut
1127 1409 1416 1460 intervallo
1457 1425 1782 1476 consequun-

98 1488 202 1535 tur.
277 1482 342 1534 In
387 1501 491 1551 qua
529 1481 850 1546 videbimUS,
899 1500 1066 1549 ecqua
1106 1482 1432 1534 consuetudo
1475 1482 1567 1548 sit,
1617 1499 1783 1548 ecqua

100 1556 202 1624 lex,
241 1573 406 1624 ecqua
445 1556 642 1624 pactiO,
682 1555 884 1623 ecquod
924 1555 1036 1607 eius
1075 1557 1152 1607 rei
1193 1555 1482 1607 artificium
1522 1558 1615 1607 aut
1655 1571 1783 1606 usus

33 1643 78 1676 20
103 1632 195 1682 aut
235 1629 565 1696 exercitatiO,
604 1628 883 1680 hominum
918 1632 1011 1680 aut
1044 1629 1364 1697 approbatio
1407 1632 1499 1681 aut
1539 1628 1782 1695 offensi03

101 1721 166 1755 ex
205 1702 397 1771 quibus
436 1720 840 1770 nonnumquam
880 1702 1088 1754 elicitur
1128 1702 1331 1770 aliquid
1371 1701 1700 1770 suspitionis.

249 1773 386 1828 Sunt
433 1779 608 1827 autem
659 1776 794 1827 aliae
843 1776 1190 1843 suspitiones,
1247 1794 1381 1844 quae
1431 1774 1785 1827 communiter
1807 1776 1872 1827 13

100 1854 156 1902 et
210 1866 274 1901 ex
327 1849 671 1919 negotiorum
726 1852 779 1900 et
826 1866 888 1900 ex
936 1866 1287 1917 personarum
1336 1848 1783 1901 attributionibus

102 1925 401 1975 sumuntur.
483 1921 626 1974 Nam
684 1927 736 1974 et
791 1940 854 1973 ex
904 1921 1122 1974 fortuna
1169 1927 1222 1974 et
1270 1941 1333 1974 ex
1378 1926 1574 1974 natura
1621 1925 1674 1973 et
1722 1939 1785 1973 ex

35 2009 77 2042 25
102 1996 269 2064 victu,
309 1995 509 2062 studio,
547 1995 728 2063 factiS,
768 2013 919 2062 casu,
960 1996 1310 2064 orationibUS,
1364 1996 1588 2048 consilio
1631 1998 1684 2047 et
1724 2012 1786 2046 ex

103 2069 293 2121 habitu
340 2069 504 2121 animi
552 2072 645 2121 aut
692 2069 930 2137 corporis
978 2069 1232 2137 pleraque
1273 2070 1548 2137 pertinent
1588 2068 1655 2121 ad
1696 2086 1785 2120 eas

103 2160 203 2209 reS,
244 2160 378 2210 quae
419 2161 532 2194 rem
572 2143 882 2195 credibilem
915 2147 1008 2194 aut
1043 2143 1412 2195 incredibilem
1449 2142 1624 2195 facere
1665 2159 1785 2210 pos-

106 2219 233 2267 sunt
272 2219 327 2267 et
362 2233 481 2268 cum
513 2215 644 2268 facti
677 2216 972 2284 suspitione
1006 2216 1314 2285 iunguntur.
1377 2215 1611 2268 Maxime
1644 2215 1786 2266 enim
1820 2232 1875 2270 43

105 2306 359 2357 quaerere
415 2292 629 2355 oportet
683 2289 739 2341 in
793 2290 892 2342 hac
947 2291 1355 2358 constitutione,
1409 2290 1642 2358 primum
1696 2306 1787 2356 po-

36 2362 337 2414 notueritne
384 2362 587 2430 aliquid
633 2363 771 2430 fieri;
820 2363 1006 2414 deinde
1055 2381 1219 2432 ecquo
1271 2364 1337 2416 ab
1380 2363 1485 2414 alio
1527 2362 1787 2430 potuerit,

105 2435 294 2487 deinde
325 2435 571 2502 facultaS,
610 2436 672 2488 de
710 2455 814 2504 qua
847 2440 971 2489 ante
1004 2436 1257 2504 diximus3
1298 2435 1487 2488 deinde
1520 2439 1701 2487 utrum
1734 2435 1787 2486 id

105 2508 312 2561 facinus
353 2508 446 2575 sit,
486 2509 627 2578 quod
664 2510 938 2578 paenitere
978 2510 1140 2561 fuerit
1179 2528 1410 2577 necesse,
1451 2509 1592 2578 quod
1637 2526 1787 2577 spem

106 2581 314 2634 celandi
339 2599 448 2634 non
472 2581 717 2650 haberet,
749 2583 935 2635 deinde
963 2583 1316 2651 necessitudo,
1348 2584 1402 2635 in
1436 2601 1542 2651 qua
1572 2600 1786 2635 necesse

106 2654 270 2707 fuerit
301 2654 354 2706 id
380 2659 473 2707 aut
504 2655 621 2707 fieri
651 2659 744 2707 aut
774 2655 852 2708 ita
885 2657 1016 2722 fieri,
1049 2657 1335 2724 quaeritur.
1391 2656 1628 2718 Quorum
1661 2673 1785 2724 pars

37 2741 81 2776 ³5
107 2728 173 2780 ad
209 2728 490 2780 consilium
522 2729 770 2797 pertinet,
802 2729 943 2798 quod
975 2732 1216 2798 personis
1247 2730 1567 2782 attributum
1600 2736 1696 2795 est,
1730 2733 1786 2779 ut

106 2802 162 2853 in
201 2819 263 2853 ea
302 2819 484 2868 causa,
536 2820 697 2869 quam
743 2805 1097 2870 exposuimus.
1175 2805 1317 2855 Ante
1364 2821 1500 2869 rem,
1552 2802 1691 2870 quod
1732 2802 1786 2852 in

104 2874 293 2926 itinere
326 2892 382 2927 se
414 2878 526 2926 tam
559 2875 902 2927 familiariter
935 2876 1303 2945 applicaverit,
1344 2877 1482 2945 quod
1525 2874 1785 2927 sermonis
