<?xml version="1.0" encoding="UTF-8"?>
<!DOCTYPE html PUBLIC "-//W3C//DTD XHTML 1.0 Transitional//EN"
    "http://www.w3.org/TR/xhtml1/DTD/xhtml1-transitional.dtd">
<html xmlns="http://www.w3.org/1999/xhtml" xml:lang="en" lang="en">
 <head>
  <title>
</title>
<meta http-equiv="Content-Type" content="text/html;charset=utf-8" />
  <meta name='ocr-system' content='tesseract 3.04.00' />
  <meta name='ocr-capabilities' content='ocr_page ocr_carea ocr_par ocr_line ocrx_word'/>
</head>
<body>
  <div class='ocr_page' id='page_1' title='image "./p1scriptaquaemanse01ciceuoft_0212.png"; bbox 0 0 2075 3235; ppageno 0'>
   <div class='ocr_carea' id='block_1_1' title="bbox 251 168 1362 224">
    <p class='ocr_par' dir='ltr' id='par_1_1' title="bbox 251 168 1362 224">
     <span class='ocr_line' id='line_1_1' title="bbox 251 168 1362 224; baseline -0.002 -11"><span class='ocrx_word' id='word_1_1' title='bbox 251 170 322 224; x_wconf 85' lang='lat'>80</span> <span class='ocrx_word' id='word_1_2' title='bbox 805 169 885 212; x_wconf 93' lang='lat' dir='ltr'>AD</span> <span class='ocrx_word' id='word_1_3' title='bbox 919 170 965 214; x_wconf 89' lang='lat' dir='ltr'>C.</span> <span class='ocrx_word' id='word_1_4' title='bbox 998 168 1362 213; x_wconf 84' lang='lat' dir='ltr'>HERENNIUM</span> 
     </span>
    </p>
   </div>
   <div class='ocr_carea' id='block_1_2' title="bbox 168 288 2075 2992">
    <p class='ocr_par' dir='ltr' id='par_1_2' title="bbox 249 288 1989 2334">
     <span class='ocr_line' id='line_1_2' title="bbox 252 288 1918 359; baseline -0.001 -17"><span class='ocrx_word' id='word_1_5' title='bbox 252 309 393 358; x_wconf 89' lang='lat' dir='ltr'>eam,</span> <span class='ocrx_word' id='word_1_6' title='bbox 439 309 571 359; x_wconf 93' lang='lat' dir='ltr'>quae</span> <span class='ocrx_word' id='word_1_7' title='bbox 613 308 766 341; x_wconf 89' lang='lat' dir='ltr'>suum</span> <span class='ocrx_word' id='word_1_8' title='bbox 805 307 996 357; x_wconf 88' lang='lat' dir='ltr'>corpus</span> <span class='ocrx_word' id='word_1_9' title='bbox 1037 288 1297 340; x_wconf 75' lang='lat' dir='ltr'>addixerit</span> <span class='ocrx_word' id='word_1_10' title='bbox 1334 289 1676 357; x_wconf 69' lang='lat' dir='ltr'>turpissimae</span> <span class='ocrx_word' id='word_1_11' title='bbox 1715 288 1918 357; x_wconf 90' lang='lat' dir='ltr'>cupidi-</span> 
     </span>
     <span class='ocr_line' id='line_1_3' title="bbox 251 360 1917 431; baseline -0.001 -16"><span class='ocrx_word' id='word_1_12' title='bbox 251 364 370 430; x_wconf 87' lang='lat' dir='ltr'>tati,</span> <span class='ocrx_word' id='word_1_13' title='bbox 402 364 591 415; x_wconf 88' lang='lat' dir='ltr'>timere</span> <span class='ocrx_word' id='word_1_14' title='bbox 625 363 837 414; x_wconf 81' lang='lat' dir='ltr'>multos,</span> <span class='ocrx_word' id='word_1_15' title='bbox 909 360 1051 421; x_wconf 90' lang='lat' dir='ltr'>Quos</span> <span class='ocrx_word' id='word_1_16' title='bbox 1084 362 1255 413; x_wconf 86' lang='lat' dir='ltr'>istos?</span> <span class='ocrx_word' id='word_1_17' title='bbox 1308 361 1512 429; x_wconf 91' lang='lat' dir='ltr'>Virum,</span> <span class='ocrx_word' id='word_1_18' title='bbox 1544 364 1807 431; x_wconf 78' lang='lat' dir='ltr'>parenteS,</span> <span class='ocrx_word' id='word_1_19' title='bbox 1838 379 1917 414; x_wconf 88' lang='lat' dir='ltr'>ce-</span> 
     </span>
     <span class='ocr_line' id='line_1_4' title="bbox 252 433 1916 505; baseline -0.001 -18"><span class='ocrx_word' id='word_1_20' title='bbox 252 441 413 505; x_wconf 84' lang='lat' dir='ltr'>terOS,</span> <span class='ocrx_word' id='word_1_21' title='bbox 454 437 520 488; x_wconf 91' lang='lat' dir='ltr'>ad</span> <span class='ocrx_word' id='word_1_22' title='bbox 560 453 690 504; x_wconf 89' lang='lat' dir='ltr'>quos</span> <span class='ocrx_word' id='word_1_23' title='bbox 730 435 873 486; x_wconf 87' lang='lat' dir='ltr'>videt</span> <span class='ocrx_word' id='word_1_24' title='bbox 913 435 995 486; x_wconf 91' lang='lat' dir='ltr'>sui</span> <span class='ocrx_word' id='word_1_25' title='bbox 1027 435 1294 487; x_wconf 84' lang='lat' dir='ltr'>dedecoris</span> <span class='ocrx_word' id='word_1_26' title='bbox 1327 433 1604 486; x_wconf 84' lang='lat' dir='ltr'>infamiam</span> <span class='ocrx_word' id='word_1_27' title='bbox 1635 434 1916 503; x_wconf 88' lang='lat' dir='ltr'>pertinere.</span> 
     </span>
     <span class='ocr_line' id='line_1_5' title="bbox 254 508 1917 578; baseline -0.002 -17"><span class='ocrx_word' id='word_1_28' title='bbox 254 509 390 570; x_wconf 85' lang='lat' dir='ltr'>Quid</span> <span class='ocrx_word' id='word_1_29' title='bbox 429 509 653 578; x_wconf 83' lang='lat' dir='ltr'>postea?</span> <span class='ocrx_word' id='word_1_30' title='bbox 694 526 825 576; x_wconf 90' lang='lat' dir='ltr'>quos</span> <span class='ocrx_word' id='word_1_31' title='bbox 866 510 1147 576; x_wconf 76' lang='lat' dir='ltr'>tantopere</span> <span class='ocrx_word' id='word_1_32' title='bbox 1185 508 1395 574; x_wconf 85' lang='lat' dir='ltr'>timeat,</span> <span class='ocrx_word' id='word_1_33' title='bbox 1443 525 1532 559; x_wconf 92' lang='lat' dir='ltr'>eos</span> <span class='ocrx_word' id='word_1_34' title='bbox 1569 525 1782 560; x_wconf 88' lang='lat' dir='ltr'>necesse</span> <span class='ocrx_word' id='word_1_35' title='bbox 1821 511 1917 574; x_wconf 89' lang='lat' dir='ltr'>est,</span> 
     </span>
     <span class='ocr_line' id='line_1_6' title="bbox 252 579 1982 651; baseline -0.003 -17"><span class='ocrx_word' id='word_1_36' title='bbox 252 587 332 649; x_wconf 91' lang='lat' dir='ltr'>ut,</span> <span class='ocrx_word' id='word_1_37' title='bbox 380 599 588 651; x_wconf 88' lang='lat' dir='ltr'>quoquo</span> <span class='ocrx_word' id='word_1_38' title='bbox 629 581 785 633; x_wconf 89' lang='lat' dir='ltr'>modo</span> <span class='ocrx_word' id='word_1_39' title='bbox 831 581 1026 649; x_wconf 90' lang='lat' dir='ltr'>possit,</span> <span class='ocrx_word' id='word_1_40' title='bbox 1072 581 1324 633; x_wconf 88' lang='lat' dir='ltr'>veneficio</span> <span class='ocrx_word' id='word_1_41' title='bbox 1370 583 1532 648; x_wconf 87' lang='lat' dir='ltr'>petat.</span> <span class='ocrx_word' id='word_1_42' title='bbox 1609 579 1751 633; x_wconf 84' lang='lat' dir='ltr'>Cur?</span> <span class='ocrx_word' id='word_1_43' title='bbox 1792 581 1917 649; x_wconf 88' lang='lat' dir='ltr'>quia</span> <span class='ocrx_word' id='word_1_44' title='bbox 1962 596 1982 628; x_wconf 90' lang='lat'>5</span> 
     </span>
     <span class='ocr_line' id='line_1_7' title="bbox 251 654 1918 722; baseline -0.001 -16"><span class='ocrx_word' id='word_1_45' title='bbox 251 656 399 707; x_wconf 88' lang='lat' dir='ltr'>nulla</span> <span class='ocrx_word' id='word_1_46' title='bbox 436 657 617 722; x_wconf 88' lang='lat' dir='ltr'>potest</span> <span class='ocrx_word' id='word_1_47' title='bbox 654 654 883 705; x_wconf 86' lang='lat' dir='ltr'>honesta</span> <span class='ocrx_word' id='word_1_48' title='bbox 913 654 1053 705; x_wconf 89' lang='lat' dir='ltr'>ratio</span> <span class='ocrx_word' id='word_1_49' title='bbox 1085 655 1315 705; x_wconf 89' lang='lat' dir='ltr'>retinere</span> <span class='ocrx_word' id='word_1_50' title='bbox 1347 672 1485 721; x_wconf 88' lang='lat' dir='ltr'>eam,</span> <span class='ocrx_word' id='word_1_51' title='bbox 1526 671 1684 722; x_wconf 88' lang='lat' dir='ltr'>quam</span> <span class='ocrx_word' id='word_1_52' title='bbox 1715 654 1918 722; x_wconf 85' lang='lat' dir='ltr'>magni-</span> 
     </span>
     <span class='ocr_line' id='line_1_8' title="bbox 251 727 1916 796; baseline -0.001 -17"><span class='ocrx_word' id='word_1_53' title='bbox 251 728 378 779; x_wconf 86' lang='lat' dir='ltr'>tudo</span> <span class='ocrx_word' id='word_1_54' title='bbox 430 727 636 795; x_wconf 89' lang='lat' dir='ltr'>peccati</span> <span class='ocrx_word' id='word_1_55' title='bbox 679 727 810 779; x_wconf 87' lang='lat' dir='ltr'>facit</span> <span class='ocrx_word' id='word_1_56' title='bbox 863 727 1129 794; x_wconf 89' lang='lat' dir='ltr'>timidam,</span> <span class='ocrx_word' id='word_1_57' title='bbox 1183 727 1598 796; x_wconf 75' lang='lat' dir='ltr'>intemperantia</span> <span class='ocrx_word' id='word_1_58' title='bbox 1651 727 1916 793; x_wconf 81' lang='lat' dir='ltr'>audacem,</span> 
     </span>
     <span class='ocr_line' id='line_1_9' title="bbox 251 799 1919 861; baseline -0.001 -9"><span class='ocrx_word' id='word_1_59' title='bbox 251 803 445 852; x_wconf 88' lang='lat' dir='ltr'>natura</span> <span class='ocrx_word' id='word_1_60' title='bbox 484 800 720 852; x_wconf 70' lang='lat' dir='ltr'>mulieris</span> <span class='ocrx_word' id='word_1_61' title='bbox 760 801 1221 852; x_wconf 85' lang='lat' dir='ltr'>inconsideratam.</span> <span class='ocrx_word' id='word_1_62' title='bbox 1283 799 1457 861; x_wconf 82' lang='lat' dir='ltr'>Quid?</span> <span class='ocrx_word' id='word_1_63' title='bbox 1496 799 1737 852; x_wconf 87' lang='lat' dir='ltr'>veneficii</span> <span class='ocrx_word' id='word_1_64' title='bbox 1775 799 1919 850; x_wconf 91' lang='lat' dir='ltr'>dam·</span> 
     </span>
     <span class='ocr_line' id='line_1_10' title="bbox 249 873 1918 942; baseline -0.001 -17"><span class='ocrx_word' id='word_1_65' title='bbox 249 877 433 925; x_wconf 88' lang='lat' dir='ltr'>natam</span> <span class='ocrx_word' id='word_1_66' title='bbox 475 874 600 942; x_wconf 88' lang='lat' dir='ltr'>quid</span> <span class='ocrx_word' id='word_1_67' title='bbox 638 873 941 942; x_wconf 84' lang='lat' dir='ltr'>putabant?</span> <span class='ocrx_word' id='word_1_68' title='bbox 989 873 1311 941; x_wconf 87' lang='lat' dir='ltr'>impudicam</span> <span class='ocrx_word' id='word_1_69' title='bbox 1359 891 1566 942; x_wconf 88' lang='lat' dir='ltr'>quoque</span> <span class='ocrx_word' id='word_1_70' title='bbox 1604 873 1918 925; x_wconf 87' lang='lat' dir='ltr'>necessario.</span> 
     </span>
     <span class='ocr_line' id='line_1_11' title="bbox 252 945 1985 1015; baseline -0.002 -17"><span class='ocrx_word' id='word_1_71' title='bbox 252 945 462 1007; x_wconf 80' lang='lat' dir='ltr'>Quare?</span> <span class='ocrx_word' id='word_1_72' title='bbox 519 947 642 1015; x_wconf 90' lang='lat' dir='ltr'>quia</span> <span class='ocrx_word' id='word_1_73' title='bbox 694 947 844 998; x_wconf 85' lang='lat' dir='ltr'>nulla</span> <span class='ocrx_word' id='word_1_74' title='bbox 895 946 1104 999; x_wconf 87' lang='lat' dir='ltr'>facilius</span> <span class='ocrx_word' id='word_1_75' title='bbox 1159 947 1225 998; x_wconf 91' lang='lat' dir='ltr'>ad</span> <span class='ocrx_word' id='word_1_76' title='bbox 1278 946 1332 997; x_wconf 90' lang='lat' dir='ltr'>id</span> <span class='ocrx_word' id='word_1_77' title='bbox 1377 946 1697 998; x_wconf 87' lang='lat' dir='ltr'>maleficium</span> <span class='ocrx_word' id='word_1_78' title='bbox 1744 963 1918 1012; x_wconf 87' lang='lat' dir='ltr'>causa,</span> <span class='ocrx_word' id='word_1_79' title='bbox 1943 963 1985 994; x_wconf 76' lang='grc' dir='ltr'>ιο</span> 
     </span>
     <span class='ocr_line' id='line_1_12' title="bbox 252 1019 1918 1102; baseline 0 -32"><span class='ocrx_word' id='word_1_80' title='bbox 252 1038 410 1088; x_wconf 85' lang='lat' dir='ltr'>quam</span> <span class='ocrx_word' id='word_1_81' title='bbox 458 1020 632 1088; x_wconf 90' lang='lat' dir='ltr'>turpis</span> <span class='ocrx_word' id='word_1_82' title='bbox 680 1037 830 1072; x_wconf 89' lang='lat' dir='ltr'>amor</span> <span class='ocrx_word' id='word_1_83' title='bbox 877 1024 930 1071; x_wconf 86' lang='lat' dir='ltr'>et</span> <span class='ocrx_word' id='word_1_84' title='bbox 975 1021 1338 1102; x_wconf 90' lang='lat' dir='ltr'>intemperans</span> <span class='ocrx_word' id='word_1_85' title='bbox 1378 1019 1545 1071; x_wconf 91' lang='lat' dir='ltr'>libido</span> <span class='ocrx_word' id='word_1_86' title='bbox 1586 1036 1918 1072; x_wconf 88' lang='lat' dir='ltr'>commovere</span> 
     </span>
     <span class='ocr_line' id='line_1_13' title="bbox 251 1093 1921 1175; baseline -0.001 -31"><span class='ocrx_word' id='word_1_87' title='bbox 251 1093 448 1175; x_wconf 72' lang='lat' dir='ltr'>potuit,</span> <span class='ocrx_word' id='word_1_88' title='bbox 501 1097 618 1145; x_wconf 87' lang='lat' dir='ltr'>tum</span> <span class='ocrx_word' id='word_1_89' title='bbox 673 1094 820 1145; x_wconf 90' lang='lat' dir='ltr'>cuius</span> <span class='ocrx_word' id='word_1_90' title='bbox 875 1093 1112 1144; x_wconf 89' lang='lat' dir='ltr'>mulieris</span> <span class='ocrx_word' id='word_1_91' title='bbox 1169 1093 1376 1145; x_wconf 87' lang='lat' dir='ltr'>animus</span> <span class='ocrx_word' id='word_1_92' title='bbox 1431 1096 1572 1145; x_wconf 90' lang='lat' dir='ltr'>esset</span> <span class='ocrx_word' id='word_1_93' title='bbox 1624 1095 1921 1160; x_wconf 83' lang='lat' dir='ltr'>corruptuS,</span> 
     </span>
     <span class='ocr_line' id='line_1_14' title="bbox 253 1164 1922 1235; baseline -0.001 -18"><span class='ocrx_word' id='word_1_94' title='bbox 253 1167 364 1218; x_wconf 90' lang='lat' dir='ltr'>eius</span> <span class='ocrx_word' id='word_1_95' title='bbox 412 1184 602 1234; x_wconf 89' lang='lat' dir='ltr'>corpus</span> <span class='ocrx_word' id='word_1_96' title='bbox 650 1169 857 1218; x_wconf 88' lang='lat' dir='ltr'>castum</span> <span class='ocrx_word' id='word_1_97' title='bbox 905 1184 1019 1218; x_wconf 90' lang='lat' dir='ltr'>esse</span> <span class='ocrx_word' id='word_1_98' title='bbox 1066 1185 1175 1218; x_wconf 91' lang='lat' dir='ltr'>non</span> <span class='ocrx_word' id='word_1_99' title='bbox 1221 1169 1562 1235; x_wconf 87' lang='lat' dir='ltr'>putaverunt.</span> <span class='ocrx_word' id='word_1_100' title='bbox 1639 1164 1811 1226; x_wconf 91' lang='lat' dir='ltr'>Quid?</span> <span class='ocrx_word' id='word_1_101' title='bbox 1864 1165 1922 1216; x_wconf 91' lang='lat' dir='ltr'>in</span> 
     </span>
     <span class='ocr_line' id='line_1_15' title="bbox 251 1238 1920 1300; baseline -0.001 -10"><span class='ocrx_word' id='word_1_102' title='bbox 251 1239 380 1290; x_wconf 74' lang='lat' dir='ltr'>viris</span> <span class='ocrx_word' id='word_1_103' title='bbox 433 1240 640 1291; x_wconf 90' lang='lat' dir='ltr'>idemne</span> <span class='ocrx_word' id='word_1_104' title='bbox 694 1240 795 1292; x_wconf 87' lang='lat' dir='ltr'>hoc</span> <span class='ocrx_word' id='word_1_105' title='bbox 848 1240 1244 1291; x_wconf 87' lang='lat' dir='ltr'>observabant?</span> <span class='ocrx_word' id='word_1_106' title='bbox 1306 1239 1541 1292; x_wconf 90' lang='lat' dir='ltr'>Minime.</span> <span class='ocrx_word' id='word_1_107' title='bbox 1619 1238 1756 1300; x_wconf 90' lang='lat' dir='ltr'>Quid</span> <span class='ocrx_word' id='word_1_108' title='bbox 1806 1238 1920 1290; x_wconf 91' lang='lat' dir='ltr'>ita?</span> 
     </span>
     <span class='ocr_line' id='line_1_16' title="bbox 253 1312 1986 1381; baseline 0 -18"><span class='ocrx_word' id='word_1_109' title='bbox 253 1312 388 1372; x_wconf 86' lang='lat' dir='ltr'>Quia</span> <span class='ocrx_word' id='word_1_110' title='bbox 425 1313 569 1365; x_wconf 78' lang='lat' dir='ltr'>viros</span> <span class='ocrx_word' id='word_1_111' title='bbox 611 1313 677 1364; x_wconf 92' lang='lat' dir='ltr'>ad</span> <span class='ocrx_word' id='word_1_112' title='bbox 715 1331 878 1364; x_wconf 92' lang='lat' dir='ltr'>unum</span> <span class='ocrx_word' id='word_1_113' title='bbox 919 1313 1161 1381; x_wconf 85' lang='lat' dir='ltr'>quodque</span> <span class='ocrx_word' id='word_1_114' title='bbox 1201 1312 1522 1364; x_wconf 88' lang='lat' dir='ltr'>maleficium</span> <span class='ocrx_word' id='word_1_115' title='bbox 1562 1312 1806 1381; x_wconf 83' lang='lat' dir='ltr'>singulae</span> <span class='ocrx_word' id='word_1_116' title='bbox 1837 1329 1920 1363; x_wconf 91' lang='lat' dir='ltr'>cu·</span> <span class='ocrx_word' id='word_1_117' title='bbox 1944 1327 1986 1359; x_wconf 83' lang='lat'>15</span> 
     </span>
     <span class='ocr_line' id='line_1_17' title="bbox 251 1385 1917 1454; baseline 0 -18"><span class='ocrx_word' id='word_1_118' title='bbox 251 1386 504 1454; x_wconf 84' lang='lat' dir='ltr'>piditates</span> <span class='ocrx_word' id='word_1_119' title='bbox 544 1386 844 1454; x_wconf 86' lang='lat' dir='ltr'>impellunt,</span> <span class='ocrx_word' id='word_1_120' title='bbox 884 1387 1132 1437; x_wconf 87' lang='lat' dir='ltr'>mulieres</span> <span class='ocrx_word' id='word_1_121' title='bbox 1173 1386 1239 1437; x_wconf 89' lang='lat' dir='ltr'>ad</span> <span class='ocrx_word' id='word_1_122' title='bbox 1279 1386 1459 1438; x_wconf 91' lang='lat' dir='ltr'>omnia</span> <span class='ocrx_word' id='word_1_123' title='bbox 1489 1385 1751 1437; x_wconf 87' lang='lat' dir='ltr'>maleficia</span> <span class='ocrx_word' id='word_1_124' title='bbox 1779 1385 1917 1453; x_wconf 86' lang='lat' dir='ltr'>cupi-</span> 
     </span>
     <span class='ocr_line' id='line_1_18' title="bbox 255 1458 1920 1526; baseline 0 -17"><span class='ocrx_word' id='word_1_125' title='bbox 255 1459 394 1510; x_wconf 83' lang='lat' dir='ltr'>ditas</span> <span class='ocrx_word' id='word_1_126' title='bbox 434 1478 540 1511; x_wconf 91' lang='lat' dir='ltr'>una</span> <span class='ocrx_word' id='word_1_127' title='bbox 579 1459 756 1511; x_wconf 66' lang='lat' dir='ltr'>ducit.9</span> <span class='ocrx_word' id='word_1_128' title='bbox 832 1458 994 1511; x_wconf 90' lang='lat' dir='ltr'>Item:</span> <span class='ocrx_word' id='word_1_129' title='bbox 1035 1458 1197 1510; x_wconf 71' lang='lat' dir='ltr'>eBene</span> <span class='ocrx_word' id='word_1_130' title='bbox 1236 1459 1465 1510; x_wconf 90' lang='lat' dir='ltr'>maiores</span> <span class='ocrx_word' id='word_1_131' title='bbox 1504 1459 1606 1511; x_wconf 90' lang='lat' dir='ltr'>hoc</span> <span class='ocrx_word' id='word_1_132' title='bbox 1645 1476 1920 1526; x_wconf 89' lang='lat' dir='ltr'>compara-</span> 
     </span>
     <span class='ocr_line' id='line_1_19' title="bbox 254 1531 1921 1601; baseline -0.001 -18"><span class='ocrx_word' id='word_1_133' title='bbox 254 1536 468 1599; x_wconf 86' lang='lat' dir='ltr'>verunt,</span> <span class='ocrx_word' id='word_1_134' title='bbox 521 1535 582 1583; x_wconf 91' lang='lat' dir='ltr'>ut</span> <span class='ocrx_word' id='word_1_135' title='bbox 635 1532 900 1584; x_wconf 90' lang='lat' dir='ltr'>neminem</span> <span class='ocrx_word' id='word_1_136' title='bbox 953 1550 1156 1601; x_wconf 82' lang='lat' dir='ltr'>regem,</span> <span class='ocrx_word' id='word_1_137' title='bbox 1212 1550 1368 1601; x_wconf 87' lang='lat' dir='ltr'>quem</span> <span class='ocrx_word' id='word_1_138' title='bbox 1423 1533 1586 1583; x_wconf 91' lang='lat' dir='ltr'>armis</span> <span class='ocrx_word' id='word_1_139' title='bbox 1640 1531 1921 1600; x_wconf 89' lang='lat' dir='ltr'>cepissent,</span> 
     </span>
     <span class='ocr_line' id='line_1_20' title="bbox 251 1604 1922 1673; baseline -0.001 -17"><span class='ocrx_word' id='word_1_140' title='bbox 251 1605 364 1656; x_wconf 85' lang='lat' dir='ltr'>vita</span> <span class='ocrx_word' id='word_1_141' title='bbox 402 1606 689 1673; x_wconf 85' lang='lat' dir='ltr'>privarent.</span> <span class='ocrx_word' id='word_1_142' title='bbox 766 1604 903 1665; x_wconf 90' lang='lat' dir='ltr'>Quid</span> <span class='ocrx_word' id='word_1_143' title='bbox 947 1605 1061 1656; x_wconf 90' lang='lat' dir='ltr'>ita?</span> <span class='ocrx_word' id='word_1_144' title='bbox 1115 1604 1271 1672; x_wconf 86' lang='lat' dir='ltr'>Quia,</span> <span class='ocrx_word' id='word_1_145' title='bbox 1313 1623 1471 1673; x_wconf 89' lang='lat' dir='ltr'>quam</span> <span class='ocrx_word' id='word_1_146' title='bbox 1509 1604 1666 1656; x_wconf 89' lang='lat' dir='ltr'>nobis</span> <span class='ocrx_word' id='word_1_147' title='bbox 1704 1604 1922 1656; x_wconf 89' lang='lat' dir='ltr'>fortuna</span> 
     </span>
     <span class='ocr_line' id='line_1_21' title="bbox 251 1676 1988 1746; baseline -0.002 -17"><span class='ocrx_word' id='word_1_148' title='bbox 251 1679 567 1730; x_wconf 86' lang='lat' dir='ltr'>facultatem</span> <span class='ocrx_word' id='word_1_149' title='bbox 607 1678 860 1745; x_wconf 90' lang='lat' dir='ltr'>dedisset,</span> <span class='ocrx_word' id='word_1_150' title='bbox 898 1678 1140 1746; x_wconf 87' lang='lat' dir='ltr'>iniquum</span> <span class='ocrx_word' id='word_1_151' title='bbox 1181 1681 1296 1730; x_wconf 88' lang='lat' dir='ltr'>erat</span> <span class='ocrx_word' id='word_1_152' title='bbox 1333 1679 1390 1729; x_wconf 92' lang='lat' dir='ltr'>in</span> <span class='ocrx_word' id='word_1_153' title='bbox 1429 1696 1611 1730; x_wconf 86' lang='lat' dir='ltr'>eorum</span> <span class='ocrx_word' id='word_1_154' title='bbox 1659 1676 1920 1746; x_wconf 91' lang='lat' dir='ltr'>supplicio</span> <span class='ocrx_word' id='word_1_155' title='bbox 1946 1693 1988 1724; x_wconf 79' lang='lat'>20</span> 
     </span>
     <span class='ocr_line' id='line_1_22' title="bbox 253 1750 1921 1820; baseline -0.001 -17"><span class='ocrx_word' id='word_1_156' title='bbox 253 1770 576 1814; x_wconf 90' lang='lat' dir='ltr'>consumere,</span> <span class='ocrx_word' id='word_1_157' title='bbox 619 1769 750 1820; x_wconf 87' lang='lat' dir='ltr'>quos</span> <span class='ocrx_word' id='word_1_158' title='bbox 792 1751 974 1802; x_wconf 89' lang='lat' dir='ltr'>eadem</span> <span class='ocrx_word' id='word_1_159' title='bbox 1011 1751 1230 1803; x_wconf 87' lang='lat' dir='ltr'>fortuna</span> <span class='ocrx_word' id='word_1_160' title='bbox 1267 1752 1427 1820; x_wconf 89' lang='lat' dir='ltr'>paulo</span> <span class='ocrx_word' id='word_1_161' title='bbox 1461 1754 1588 1803; x_wconf 87' lang='lat' dir='ltr'>ante</span> <span class='ocrx_word' id='word_1_162' title='bbox 1618 1751 1676 1803; x_wconf 91' lang='lat' dir='ltr'>in</span> <span class='ocrx_word' id='word_1_163' title='bbox 1707 1750 1921 1819; x_wconf 86' lang='lat' dir='ltr'>amplis-</span> 
     </span>
     <span class='ocr_line' id='line_1_23' title="bbox 254 1823 1923 1893; baseline -0.001 -17"><span class='ocrx_word' id='word_1_164' title='bbox 254 1825 388 1876; x_wconf 89' lang='lat' dir='ltr'>simo</span> <span class='ocrx_word' id='word_1_165' title='bbox 430 1823 576 1877; x_wconf 81' lang='lat' dir='ltr'>statu</span> <span class='ocrx_word' id='word_1_166' title='bbox 615 1825 936 1877; x_wconf 88' lang='lat' dir='ltr'>conlocarat.</span> <span class='ocrx_word' id='word_1_167' title='bbox 1013 1823 1172 1891; x_wconf 91' lang='lat' dir='ltr'>Quid,</span> <span class='ocrx_word' id='word_1_168' title='bbox 1213 1825 1353 1893; x_wconf 87' lang='lat' dir='ltr'>quod</span> <span class='ocrx_word' id='word_1_169' title='bbox 1394 1824 1683 1876; x_wconf 89' lang='lat' dir='ltr'>exercitum</span> <span class='ocrx_word' id='word_1_170' title='bbox 1736 1826 1923 1876; x_wconf 89' lang='lat' dir='ltr'>contra</span> 
     </span>
     <span class='ocr_line' id='line_1_24' title="bbox 255 1895 1923 1958; baseline -0.001 -9"><span class='ocrx_word' id='word_1_171' title='bbox 255 1898 438 1949; x_wconf 90' lang='lat' dir='ltr'>duxit?</span> <span class='ocrx_word' id='word_1_172' title='bbox 514 1898 715 1950; x_wconf 90' lang='lat' dir='ltr'>Desino</span> <span class='ocrx_word' id='word_1_173' title='bbox 756 1897 1075 1950; x_wconf 90' lang='lat' dir='ltr'>meminisse.</span> <span class='ocrx_word' id='word_1_174' title='bbox 1137 1897 1275 1958; x_wconf 89' lang='lat' dir='ltr'>Quid</span> <span class='ocrx_word' id='word_1_175' title='bbox 1313 1899 1426 1950; x_wconf 90' lang='lat' dir='ltr'>ita?</span> <span class='ocrx_word' id='word_1_176' title='bbox 1467 1896 1602 1958; x_wconf 87' lang='lat' dir='ltr'>Quia</span> <span class='ocrx_word' id='word_1_177' title='bbox 1632 1897 1735 1949; x_wconf 85' lang='lat' dir='ltr'>viri</span> <span class='ocrx_word' id='word_1_178' title='bbox 1764 1895 1923 1949; x_wconf 85' lang='lat' dir='ltr'>fortis</span> 
     </span>
     <span class='ocr_line' id='line_1_25' title="bbox 256 1970 1922 2039; baseline -0.001 -17"><span class='ocrx_word' id='word_1_179' title='bbox 256 1974 356 2038; x_wconf 87' lang='lat' dir='ltr'>est,</span> <span class='ocrx_word' id='word_1_180' title='bbox 412 1972 501 2039; x_wconf 85' lang='lat' dir='ltr'>qui</span> <span class='ocrx_word' id='word_1_181' title='bbox 555 1971 617 2023; x_wconf 91' lang='lat' dir='ltr'>de</span> <span class='ocrx_word' id='word_1_182' title='bbox 671 1971 899 2023; x_wconf 80' lang='lat' dir='ltr'>victoria</span> <span class='ocrx_word' id='word_1_183' title='bbox 953 1972 1297 2038; x_wconf 85' lang='lat' dir='ltr'>contendant,</span> <span class='ocrx_word' id='word_1_184' title='bbox 1346 1989 1435 2023; x_wconf 92' lang='lat' dir='ltr'>eos</span> <span class='ocrx_word' id='word_1_185' title='bbox 1481 1970 1664 2022; x_wconf 86' lang='lat' dir='ltr'>hostes</span> <span class='ocrx_word' id='word_1_186' title='bbox 1710 1972 1922 2038; x_wconf 70' lang='lat' dir='ltr'>putare,</span> 
     </span>
     <span class='ocr_line' id='line_1_26' title="bbox 256 2043 1989 2112; baseline -0.001 -17"><span class='ocrx_word' id='word_1_187' title='bbox 256 2044 346 2112; x_wconf 89' lang='lat' dir='ltr'>qui</span> <span class='ocrx_word' id='word_1_188' title='bbox 385 2045 513 2096; x_wconf 85' lang='lat' dir='ltr'>victi</span> <span class='ocrx_word' id='word_1_189' title='bbox 555 2045 676 2111; x_wconf 86' lang='lat' dir='ltr'>sint,</span> <span class='ocrx_word' id='word_1_190' title='bbox 716 2062 804 2096; x_wconf 87' lang='lat' dir='ltr'>eos</span> <span class='ocrx_word' id='word_1_191' title='bbox 844 2045 1086 2097; x_wconf 87' lang='lat' dir='ltr'>homines</span> <span class='ocrx_word' id='word_1_192' title='bbox 1126 2045 1372 2112; x_wconf 87' lang='lat' dir='ltr'>iudicare,</span> <span class='ocrx_word' id='word_1_193' title='bbox 1410 2047 1471 2095; x_wconf 92' lang='lat' dir='ltr'>ut</span> <span class='ocrx_word' id='word_1_194' title='bbox 1508 2043 1681 2112; x_wconf 91' lang='lat' dir='ltr'>possit</span> <span class='ocrx_word' id='word_1_195' title='bbox 1719 2043 1923 2094; x_wconf 89' lang='lat' dir='ltr'>bellum</span> <span class='ocrx_word' id='word_1_196' title='bbox 1947 2056 1989 2088; x_wconf 84' lang='lat'>25</span> 
     </span>
     <span class='ocr_line' id='line_1_27' title="bbox 253 2114 1922 2186; baseline -0.001 -18"><span class='ocrx_word' id='word_1_197' title='bbox 253 2117 513 2169; x_wconf 88' lang='lat' dir='ltr'>fortitudo</span> <span class='ocrx_word' id='word_1_198' title='bbox 553 2118 811 2185; x_wconf 89' lang='lat' dir='ltr'>minuere,</span> <span class='ocrx_word' id='word_1_199' title='bbox 858 2136 1043 2185; x_wconf 88' lang='lat' dir='ltr'>pacem</span> <span class='ocrx_word' id='word_1_200' title='bbox 1082 2118 1389 2169; x_wconf 90' lang='lat' dir='ltr'>humanitas</span> <span class='ocrx_word' id='word_1_201' title='bbox 1430 2114 1635 2186; x_wconf 84' lang='lat' dir='ltr'>augere.</span> <span class='ocrx_word' id='word_1_202' title='bbox 1705 2115 1782 2167; x_wconf 90' lang='lat' dir='ltr'>At</span> <span class='ocrx_word' id='word_1_203' title='bbox 1818 2116 1922 2183; x_wconf 89' lang='lat' dir='ltr'>ille,</span> 
     </span>
     <span class='ocr_line' id='line_1_28' title="bbox 257 2189 1922 2259; baseline -0.001 -18"><span class='ocrx_word' id='word_1_204' title='bbox 257 2191 302 2242; x_wconf 91' lang='lat' dir='ltr'>si</span> <span class='ocrx_word' id='word_1_205' title='bbox 352 2191 591 2257; x_wconf 83' lang='lat' dir='ltr'>vicisset,</span> <span class='ocrx_word' id='word_1_206' title='bbox 651 2208 758 2243; x_wconf 91' lang='lat' dir='ltr'>non</span> <span class='ocrx_word' id='word_1_207' title='bbox 813 2191 953 2242; x_wconf 91' lang='lat' dir='ltr'>idem</span> <span class='ocrx_word' id='word_1_208' title='bbox 1006 2191 1257 2242; x_wconf 85' lang='lat' dir='ltr'>fecisset?</span> <span class='ocrx_word' id='word_1_209' title='bbox 1333 2189 1458 2242; x_wconf 88' lang='lat' dir='ltr'>Non</span> <span class='ocrx_word' id='word_1_210' title='bbox 1509 2189 1750 2259; x_wconf 89' lang='lat' dir='ltr'>profecto</span> <span class='ocrx_word' id='word_1_211' title='bbox 1808 2191 1922 2240; x_wconf 90' lang='lat' dir='ltr'>tam</span> 
     </span>
     <span class='ocr_line' id='line_1_29' title="bbox 257 2261 1923 2334; baseline -0.001 -19"><span class='ocrx_word' id='word_1_212' title='bbox 257 2265 469 2332; x_wconf 91' lang='lat' dir='ltr'>sapiens</span> <span class='ocrx_word' id='word_1_213' title='bbox 515 2264 719 2316; x_wconf 90' lang='lat' dir='ltr'>fuisset.</span> <span class='ocrx_word' id='word_1_214' title='bbox 797 2263 903 2316; x_wconf 84' lang='lat' dir='ltr'>Cur</span> <span class='ocrx_word' id='word_1_215' title='bbox 956 2264 1124 2334; x_wconf 83' lang='lat' dir='ltr'>igitur</span> <span class='ocrx_word' id='word_1_216' title='bbox 1180 2264 1227 2315; x_wconf 89' lang='lat' dir='ltr'>ei</span> <span class='ocrx_word' id='word_1_217' title='bbox 1280 2262 1491 2332; x_wconf 88' lang='lat' dir='ltr'>parcis?</span> <span class='ocrx_word' id='word_1_218' title='bbox 1569 2261 1704 2324; x_wconf 90' lang='lat' dir='ltr'>Quia</span> <span class='ocrx_word' id='word_1_219' title='bbox 1756 2262 1923 2314; x_wconf 88' lang='lat' dir='ltr'>talem</span> 
     </span>
    </p>

    <p class='ocr_par' dir='ltr' id='par_1_3' title="bbox 168 2334 2075 2626">
     <span class='ocr_line' id='line_1_30' title="bbox 168 2334 1923 2400; baseline -0.001 -12"><span class='ocrx_word' id='word_1_220' title='bbox 168 2355 223 2393; x_wconf 77' lang='lat'>24</span> <span class='ocrx_word' id='word_1_221' title='bbox 257 2338 545 2389; x_wconf 86' lang='lat' dir='ltr'>stultitiam</span> <span class='ocrx_word' id='word_1_222' title='bbox 597 2341 954 2400; x_wconf 88' lang='lat' dir='ltr'>contemnere,</span> <span class='ocrx_word' id='word_1_223' title='bbox 1006 2355 1115 2389; x_wconf 94' lang='lat' dir='ltr'>non</span> <span class='ocrx_word' id='word_1_224' title='bbox 1163 2337 1365 2389; x_wconf 89' lang='lat' dir='ltr'>imitari</span> <span class='ocrx_word' id='word_1_225' title='bbox 1416 2335 1699 2389; x_wconf 65' lang='lat' dir='ltr'>consuevi?</span> <span class='ocrx_word' id='word_1_226' title='bbox 1775 2334 1923 2387; x_wconf 89' lang='lat' dir='ltr'>Haec</span> 
     </span>
     <span class='ocr_line' id='line_1_31' title="bbox 257 2409 2075 2463; baseline -0.003 -1"><span class='ocrx_word' id='word_1_227' title='bbox 257 2411 530 2463; x_wconf 79' lang='lat' dir='ltr'>exornatio</span> <span class='ocrx_word' id='word_1_228' title='bbox 572 2411 638 2462; x_wconf 90' lang='lat' dir='ltr'>ad</span> <span class='ocrx_word' id='word_1_229' title='bbox 678 2428 975 2462; x_wconf 90' lang='lat' dir='ltr'>sermonem</span> <span class='ocrx_word' id='word_1_230' title='bbox 1015 2411 1357 2462; x_wconf 86' lang='lat' dir='ltr'>vehementer</span> <span class='ocrx_word' id='word_1_231' title='bbox 1396 2409 1801 2462; x_wconf 90' lang='lat' dir='ltr'>adcommodata</span> <span class='ocrx_word' id='word_1_232' title='bbox 1840 2411 1922 2459; x_wconf 87' lang='lat' dir='ltr'>est</span> <span class='ocrx_word' id='word_1_233' title='bbox 1945 2423 1990 2455; x_wconf 86' lang='lat'>30</span> <span class='ocrx_word' id='word_1_234' title='bbox 2070 2438 2075 2450; x_wconf 76' lang='lat'><strong>·</strong></span> 
     </span>
     <span class='ocr_line' id='line_1_32' title="bbox 257 2484 1922 2536; baseline -0.001 -2"><span class='ocrx_word' id='word_1_235' title='bbox 257 2488 311 2535; x_wconf 90' lang='lat' dir='ltr'>et</span> <span class='ocrx_word' id='word_1_236' title='bbox 350 2485 587 2536; x_wconf 83' lang='lat' dir='ltr'>animum</span> <span class='ocrx_word' id='word_1_237' title='bbox 635 2484 892 2536; x_wconf 85' lang='lat' dir='ltr'>auditoris</span> <span class='ocrx_word' id='word_1_238' title='bbox 939 2484 1134 2536; x_wconf 89' lang='lat' dir='ltr'>retinet</span> <span class='ocrx_word' id='word_1_239' title='bbox 1181 2487 1446 2536; x_wconf 88' lang='lat' dir='ltr'>attentum</span> <span class='ocrx_word' id='word_1_240' title='bbox 1486 2501 1605 2536; x_wconf 89' lang='lat' dir='ltr'>cum</span> <span class='ocrx_word' id='word_1_241' title='bbox 1642 2484 1922 2534; x_wconf 86' lang='lat' dir='ltr'>venustate</span> 
     </span>
     <span class='ocr_line' id='line_1_33' title="bbox 257 2558 1426 2626; baseline -0.001 -17"><span class='ocrx_word' id='word_1_242' title='bbox 257 2558 515 2609; x_wconf 84' lang='lat' dir='ltr'>sermonis</span> <span class='ocrx_word' id='word_1_243' title='bbox 554 2562 670 2609; x_wconf 86' lang='lat' dir='ltr'>tum</span> <span class='ocrx_word' id='word_1_244' title='bbox 709 2558 978 2609; x_wconf 90' lang='lat' dir='ltr'>rationum</span> <span class='ocrx_word' id='word_1_245' title='bbox 1019 2558 1426 2626; x_wconf 83' lang='lat' dir='ltr'>exspectatione.</span> 
     </span>
    </p>

    <p class='ocr_par' dir='ltr' id='par_1_4' title="bbox 173 2627 1992 2992">
     <span class='ocr_line' id='line_1_34' title="bbox 173 2627 1925 2699; baseline -0.002 -17"><span class='ocrx_word' id='word_1_246' title='bbox 173 2632 235 2683; x_wconf 86' lang='lat'>17</span> <span class='ocrx_word' id='word_1_247' title='bbox 404 2629 681 2682; x_wconf 80' lang='lat' dir='ltr'>Sententia</span> <span class='ocrx_word' id='word_1_248' title='bbox 714 2635 796 2682; x_wconf 91' lang='lat' dir='ltr'>est</span> <span class='ocrx_word' id='word_1_249' title='bbox 829 2630 1004 2682; x_wconf 89' lang='lat' dir='ltr'>oratio</span> <span class='ocrx_word' id='word_1_250' title='bbox 1030 2634 1245 2699; x_wconf 89' lang='lat' dir='ltr'>sumpta</span> <span class='ocrx_word' id='word_1_251' title='bbox 1270 2630 1332 2682; x_wconf 89' lang='lat' dir='ltr'>de</span> <span class='ocrx_word' id='word_1_252' title='bbox 1357 2630 1482 2696; x_wconf 85' lang='lat' dir='ltr'>vita,</span> <span class='ocrx_word' id='word_1_253' title='bbox 1507 2647 1641 2698; x_wconf 89' lang='lat' dir='ltr'>quae</span> <span class='ocrx_word' id='word_1_254' title='bbox 1674 2631 1768 2681; x_wconf 89' lang='lat' dir='ltr'>aut</span> <span class='ocrx_word' id='word_1_255' title='bbox 1800 2627 1925 2697; x_wconf 89' lang='lat' dir='ltr'>quid</span> 
     </span>
     <span class='ocr_line' id='line_1_35' title="bbox 257 2701 1925 2772; baseline -0.001 -18"><span class='ocrx_word' id='word_1_256' title='bbox 257 2704 328 2754; x_wconf 88' lang='lat' dir='ltr'>sit</span> <span class='ocrx_word' id='word_1_257' title='bbox 367 2707 460 2754; x_wconf 88' lang='lat' dir='ltr'>aut</span> <span class='ocrx_word' id='word_1_258' title='bbox 501 2705 624 2772; x_wconf 88' lang='lat' dir='ltr'>quid</span> <span class='ocrx_word' id='word_1_259' title='bbox 665 2707 912 2772; x_wconf 85' lang='lat' dir='ltr'>oporteat</span> <span class='ocrx_word' id='word_1_260' title='bbox 951 2721 1066 2755; x_wconf 89' lang='lat' dir='ltr'>esse</span> <span class='ocrx_word' id='word_1_261' title='bbox 1111 2704 1166 2755; x_wconf 93' lang='lat' dir='ltr'>in</span> <span class='ocrx_word' id='word_1_262' title='bbox 1213 2704 1348 2771; x_wconf 85' lang='lat' dir='ltr'>vita,</span> <span class='ocrx_word' id='word_1_263' title='bbox 1395 2704 1630 2755; x_wconf 87' lang='lat' dir='ltr'>breviter</span> <span class='ocrx_word' id='word_1_264' title='bbox 1675 2701 1925 2766; x_wconf 87' lang='lat' dir='ltr'>ostendit,</span> 
     </span>
     <span class='ocr_line' id='line_1_36' title="bbox 256 2773 1992 2845; baseline -0.002 -18"><span class='ocrx_word' id='word_1_265' title='bbox 256 2777 356 2828; x_wconf 89' lang='lat' dir='ltr'>hoc</span> <span class='ocrx_word' id='word_1_266' title='bbox 387 2781 566 2844; x_wconf 88' lang='lat' dir='ltr'>pacto:</span> <span class='ocrx_word' id='word_1_267' title='bbox 608 2776 854 2829; x_wconf 75' lang='lat' dir='ltr'>‘Difficile</span> <span class='ocrx_word' id='word_1_268' title='bbox 888 2779 969 2829; x_wconf 91' lang='lat' dir='ltr'>est</span> <span class='ocrx_word' id='word_1_269' title='bbox 1000 2777 1232 2845; x_wconf 90' lang='lat' dir='ltr'>primum</span> <span class='ocrx_word' id='word_1_270' title='bbox 1264 2777 1518 2829; x_wconf 88' lang='lat' dir='ltr'>virtutem</span> <span class='ocrx_word' id='word_1_271' title='bbox 1549 2774 1795 2841; x_wconf 86' lang='lat' dir='ltr'>revereri,</span> <span class='ocrx_word' id='word_1_272' title='bbox 1835 2773 1925 2843; x_wconf 88' lang='lat' dir='ltr'>qui</span> <span class='ocrx_word' id='word_1_273' title='bbox 1948 2785 1992 2820; x_wconf 77' lang='lat'>35</span> 
     </span>
     <span class='ocr_line' id='line_1_37' title="bbox 257 2847 1924 2917; baseline -0.001 -17"><span class='ocrx_word' id='word_1_274' title='bbox 257 2867 464 2917; x_wconf 89' lang='lat' dir='ltr'>semper</span> <span class='ocrx_word' id='word_1_275' title='bbox 505 2850 732 2902; x_wconf 89' lang='lat' dir='ltr'>secunda</span> <span class='ocrx_word' id='word_1_276' title='bbox 763 2850 980 2902; x_wconf 85' lang='lat' dir='ltr'>fortuna</span> <span class='ocrx_word' id='word_1_277' title='bbox 1011 2850 1082 2901; x_wconf 89' lang='lat' dir='ltr'>sit</span> <span class='ocrx_word' id='word_1_278' title='bbox 1113 2848 1274 2902; x_wconf 88' lang='lat' dir='ltr'>usus.&#39;</span> <span class='ocrx_word' id='word_1_279' title='bbox 1342 2849 1499 2901; x_wconf 82' lang='lat' dir='ltr'>Item:</span> <span class='ocrx_word' id='word_1_280' title='bbox 1540 2847 1719 2900; x_wconf 82' lang='lat' dir='ltr'>‘Liber</span> <span class='ocrx_word' id='word_1_281' title='bbox 1756 2847 1803 2899; x_wconf 85' lang='lat' dir='ltr'>is</span> <span class='ocrx_word' id='word_1_282' title='bbox 1843 2849 1924 2899; x_wconf 90' lang='lat' dir='ltr'>est</span> 
     </span>
     <span class='ocr_line' id='line_1_38' title="bbox 258 2919 1924 2992; baseline -0.001 -18"><span class='ocrx_word' id='word_1_283' title='bbox 258 2922 657 2991; x_wconf 77' lang='lat' dir='ltr'>existimandUS,</span> <span class='ocrx_word' id='word_1_284' title='bbox 683 2924 773 2991; x_wconf 90' lang='lat' dir='ltr'>qui</span> <span class='ocrx_word' id='word_1_285' title='bbox 796 2923 932 2975; x_wconf 88' lang='lat' dir='ltr'>nulli</span> <span class='ocrx_word' id='word_1_286' title='bbox 955 2923 1275 2992; x_wconf 89' lang='lat' dir='ltr'>turpitudini</span> <span class='ocrx_word' id='word_1_287' title='bbox 1300 2921 1498 2975; x_wconf 66' lang='lat' dir='ltr'>servit?</span> <span class='ocrx_word' id='word_1_288' title='bbox 1537 2920 1699 2973; x_wconf 88' lang='lat' dir='ltr'>Item:</span> <span class='ocrx_word' id='word_1_289' title='bbox 1726 2919 1924 2989; x_wconf 72' lang='lat' dir='ltr'>&lt;Egens</span> 
     </span>
    </p>
   </div>
   <div class='ocr_carea' id='block_1_3' title="bbox 2009 0 2075 3235">
    <p class='ocr_par' dir='ltr' id='par_1_5' title="bbox 2009 0 2075 3235">
     <span class='ocr_line' id='line_1_39' title="bbox 2009 0 2075 3235; baseline 0 0"><span class='ocrx_word' id='word_1_290' title='bbox 2009 0 2075 3235; x_wconf 95' lang='lat' dir='ltr'> </span> 
     </span>
    </p>
   </div>
  </div>
 </body>
</html>
