2075 3235
120 1406 174 1446 59

221 103 327 156 106
774 104 855 148 AD
890 104 937 150 C.
971 104 1341 149 HERENNIUM

219 223 450 277 oratoris
508 225 637 278 boni
692 226 924 277 maxime
984 225 1278 294 proprium.
1367 224 1494 278 Non
1549 227 1691 279 enim
1742 226 1902 280 datur

218 297 453 351 auditori
505 302 748 367 potestas
817 299 1057 350 animum
1117 298 1180 350 de
1235 317 1292 350 re
1350 299 1664 352 firmissima
1723 300 1901 354 demo-

216 372 391 425 vendi.
461 371 601 425 Huic
635 373 941 440 exemplum
984 372 1116 424 satis
1156 371 1407 424 idoneum
1449 374 1619 426 subici
1657 392 1768 426 non
1805 392 1899 441 po-

216 446 344 513 tuit,
395 449 682 514 propterea
731 445 872 513 quod
920 445 1008 496 hic
1047 445 1196 498 locus
1237 464 1347 497 non
1387 449 1469 497 est
1509 465 1541 499 a
1579 450 1698 500 tota
1737 465 1900 500 causa

216 524 496 586 separatus
533 519 690 570 sicuti
722 519 1025 570 membrum
1060 519 1293 588 aliquod,
1335 519 1428 571 sed
1459 522 1738 589 tamquam
1779 539 1896 573 san·
1945 534 1965 566 5

216 593 335 662 guis
375 593 623 660 perfusus
666 595 749 644 est
788 611 886 662 per
925 596 1103 645 totum
1143 611 1335 662 corpus
1378 593 1654 647 orationiS.

364 665 653 718 Contentio
711 669 818 733 est,
882 685 978 735 per
1034 685 1196 734 quam
1252 667 1524 720 contraria
1577 667 1898 721 referuntur.

213 738 295 792 Ea
329 744 410 791 est
442 739 498 790 in
529 740 819 791 verborum
855 741 1314 809 exornationibUS,
1354 744 1415 793 ut
1449 744 1574 793 ante
1608 741 1897 806 docuimuS,

213 813 541 865 huiusmodi:
599 812 857 866 tInimicis
912 817 965 866 te
1014 815 1361 883 placabilem,
1420 814 1606 867 amicis
1655 815 1897 868 inexora-

212 886 376 938 bilem
439 887 701 955 praebes9
799 886 861 939 ln
917 888 1306 940 sententiarum
1369 888 1699 940 huiusmodi:
1762 888 1896 942 ‘Vos
1923 904 1965 936 10

211 959 371 1012 huius
404 960 758 1013 incommodis
793 962 1009 1031 lugetis,
1050 962 1153 1014 iste
1185 963 1263 1014 rei
1297 962 1543 1029 publicae
1584 963 1896 1016 calamitate

211 1034 462 1088 laetatur.
551 1034 664 1087 Vos
718 1037 913 1087 vestris
966 1036 1199 1089 fortunis
1257 1035 1528 1104 diffiditiS,
1587 1036 1691 1088 iste
1747 1037 1895 1089 solus

211 1109 320 1159 suis
362 1126 423 1160 eo
464 1109 639 1178 magis
682 1108 940 1161 confidit.'
1018 1110 1167 1161 Inter
1213 1109 1345 1162 haec
1387 1110 1489 1162 duo
1531 1110 1895 1163 contentionis

211 1199 407 1251 genera
453 1182 554 1234 hoc
600 1183 849 1234 interest:
897 1184 1032 1235 illud
1083 1201 1146 1236 ex
1194 1183 1373 1237 verbis
1423 1184 1669 1236 celeriter
1707 1185 1894 1236 relatis

210 1259 446 1324 constat,
503 1256 593 1308 hic
645 1257 944 1309 sententiae
1006 1257 1309 1310 contrariae
1365 1275 1428 1310 ex
1485 1257 1887 1326 comparatione
1914 1271 1955 1304 15

212 1328 516 1381 referantur
558 1334 784 1398 oportet.

359 1401 664 1455 Similitudo
701 1407 783 1456 est
816 1404 990 1456 oratio
1025 1404 1309 1456 traducens
1344 1405 1410 1456 ad
1443 1423 1556 1457 rem
1582 1405 1894 1474 quampiam

211 1477 412 1544 aliquid
447 1495 510 1528 ex
542 1495 599 1528 re
641 1477 843 1545 dispari
885 1478 1073 1530 simile.
1142 1477 1225 1530 Ea
1266 1479 1496 1530 sumitur
1536 1482 1629 1531 aut
1668 1479 1895 1531 ornandi

208 1568 371 1603 causa
429 1553 522 1602 aut
585 1551 851 1618 probandi
912 1555 1004 1603 aut
1066 1552 1304 1619 apertius
1360 1552 1566 1604 dicendi
1621 1556 1715 1605 aut
1767 1555 1892 1605 ante

209 1624 392 1677 oculos
450 1624 699 1692 ponendi.
791 1624 908 1690 [Et]
968 1625 1233 1693 quomodo
1288 1628 1545 1693 quattuor
1597 1626 1660 1678 de
1715 1627 1890 1678 causis
1917 1641 1959 1671 20

208 1697 451 1764 sumitur,
491 1698 625 1749 item
659 1700 915 1765 quattuor
948 1698 1121 1750 modis
1162 1698 1378 1750 dicitur:
1419 1717 1515 1767 per
1546 1699 1892 1768 contrarium,

205 1789 301 1839 per
332 1771 693 1840 negationem,
734 1789 830 1840 per
863 1772 1243 1835 conlationem,
1282 1790 1378 1841 per
1410 1772 1749 1826 brevitatem.
1804 1773 1891 1825 Ad

205 1863 368 1898 unam
426 1863 692 1913 quamque
749 1845 1038 1897 sumendae
1095 1864 1312 1897 causam
1373 1846 1743 1898 similitudinis
1801 1847 1889 1899 ad-

117 1919 186 1971 46
207 1919 670 1971 commodabimus
705 1919 950 1988 singulos
976 1919 1164 1971 modos
1189 1920 1588 1988 pronuntiandi.
1651 1919 1890 1972 Ornandi

206 2009 367 2044 causa
400 1992 630 2044 sumitur
666 1993 783 2060 [per
815 1992 1169 2058 contrarium]
1206 1993 1302 2045 sic:
1337 1992 1481 2045 tNon
1513 1993 1671 2061 enim,
1705 2012 1885 2062 quem·
1911 2008 1954 2042 25

207 2065 495 2118 admodum
534 2066 590 2116 in
630 2067 926 2134 palaestra,
978 2066 1069 2133 qui
1107 2065 1292 2118 taedas
1335 2067 1620 2119 candentes
1677 2067 1887 2137 accipit,

205 2139 429 2191 celerior
478 2142 560 2190 est
598 2139 655 2190 in
695 2157 852 2191 cursu
892 2139 1170 2207 continUO,
1214 2158 1374 2207 quam
1413 2140 1527 2208 ille,
1576 2141 1667 2209 qui
1704 2141 1887 2210 tradit,

203 2213 334 2265 item
383 2212 576 2264 melior
615 2213 911 2282 imperat-or
950 2231 1144 2280 novuS‚
1193 2213 1284 2281 qui
1334 2214 1529 2283 accipit
1578 2215 1886 2283 exercitum,

206 2305 368 2355 quam
418 2287 537 2353 ille,
590 2286 681 2354 qui
735 2286 962 2354 decedit3
1017 2290 1304 2356 propterea
1361 2288 1504 2357 quod
1555 2288 1885 2359 defatigatus

205 2379 390 2412 cursor
430 2360 644 2429 integro
683 2359 880 2427 facem,
919 2360 1007 2412 hic
1045 2361 1251 2429 peritus
1292 2362 1589 2429 imperator
1631 2363 1884 2432 imperito
1909 2376 1953 2409 30

205 2434 497 2486 exercitum
529 2433 731 2486 tradit?
800 2433 918 2486 Hoc
951 2434 1065 2486 sine
1099 2435 1264 2487 simili
1297 2436 1430 2488 satis
1471 2436 1631 2503 plane
1672 2439 1727 2488 et
1764 2455 1884 2505 per-

205 2508 385 2575 spicue
427 2511 480 2560 et
520 2507 879 2576 probabiliter
917 2507 1020 2561 dici
1059 2509 1239 2577 potuit
1277 2509 1380 2562 hoc
1419 2510 1601 2562 modo:
1653 2508 1885 2563 ‘Dicitur

205 2581 381 2633 minus
430 2582 602 2633 bonos
653 2582 1011 2650 imperatores
1061 2601 1092 2634 a
1139 2582 1454 2635 melioribus
1496 2583 1759 2636 exercitus
1799 2602 1882 2638 ac-

203 2657 378 2722 cipere
443 2653 656 2722 solere'3
721 2655 814 2707 sed
869 2655 1093 2708 ornandi
1157 2675 1317 2709 causa
1373 2657 1550 2709 simile
1606 2660 1883 2724 sumptum

203 2732 299 2794 est,
331 2731 392 2779 ut
427 2729 659 2781 orationi
685 2729 947 2797 quaedam
981 2729 1215 2799 dignitas
1250 2734 1606 2800 comparetur.
1661 2730 1883 2783 Dictum
1907 2744 1950 2778 35

203 2804 385 2853 autem
451 2805 532 2853 est
595 2820 691 2870 per
755 2803 1101 2856 contrarium.
1196 2802 1341 2856 Nam
1401 2807 1520 2856 tum
1583 2803 1881 2857 similitudo

203 2875 435 2928 sumitur
481 2893 577 2944 per
617 2876 969 2945 contrarium,
1022 2895 1142 2930 cum
1183 2877 1231 2929 ei
1270 2877 1370 2946 rei,
1426 2896 1588 2947 quam
1625 2895 1724 2930 nos
1762 2896 1882 2947 pro-

2024 2794 2050 2846 ηε.

2023 2958 2051 2966 ,-

2024 2976 2046 2985 Q
