2075 3235
139 2552 195 2591 35

230 153 335 204 140
818 150 899 193 DE
932 149 1310 194 mvENTIONE
1848 155 1907 196 24

300 271 457 324 Nam
497 271 554 323 is
593 274 935 339 postquam
977 269 1254 321 excessit
1294 287 1364 320 ex
1405 269 1666 337 ephebis

226 344 431 397 Deinde
474 363 628 396 suum
669 343 974 395 consilium:

299 417 380 469 Et
418 435 579 469 nunc
619 416 679 466 id
721 433 979 482 operam
1020 414 1092 466 do
1134 456 1144 466 .
1172 458 1181 467 .
1209 456 1218 466 .
1247 455 1258 466 .

226 490 431 542 Deinde
473 489 599 556 quid
640 486 849 539 Sosiam
889 487 1022 538 velit
1059 487 1249 554 facere,
1296 487 1351 538 id
1392 488 1533 555 quod
1571 490 1906 556 postremum

227 564 409 632 posuit
447 562 504 612 in
542 560 852 629 partitione,
891 564 1226 628 postremum
1270 560 1419 612 dicit:
1952 575 1974 608 5
2023 608 2031 613 ,

300 635 476 687 Nunc
516 637 691 685 tuum
732 636 831 685 est
871 633 1165 685 officinm
1206 673 1254 685 ..
1282 677 1290 685 .
1319 675 1329 685 .

227 707 685 769 Quemadmodum
746 706 914 774 igitur
974 706 1061 758 hic
1125 709 1178 758 et
1233 706 1300 757 ad
1353 706 1586 775 primam
1641 725 1906 775 quamque

225 785 432 850 partem
478 780 712 847 primum
759 779 984 831 accessit
1034 782 1088 831 et
1124 774 1383 831 ‘omnibus
1432 769 1728 847 absolutis)
1744 780 1905 832 finem

226 854 431 905 dicendi
477 853 627 921 fecit,
675 853 751 904 sic
796 852 953 905 nobis
1001 853 1178 920 placet
1225 856 1279 904 et
1326 853 1401 904 ad.
1441 853 1684 922 singulas
1721 856 1904 922 partes

225 927 471 979 accedere
509 930 562 977 et
592 926 842 978 ¹omnibus
878 926 1441 994 absoliitis1sperorare.
1502 925 1661 980 Nunc
1693 925 1756 978 de
1789 941 1974 983 con-.10

223 999 527 1052 firmatione
569 999 832 1068 deincepS,
872 999 951 1050 ita
989 1002 1051 1050 ut
1091 1000 1220 1051 ordo
1260 999 1376 1068 ipse
1408 1000 1667 1068 postulat,
1706 999 1907 1067 praeci-

181 1082 198 1085 “
224 1073 477 1143 piendum
517 1073 741 1124 videtur.

113 1118 233 1192 24.

136 1194 191 1232 34

373 1144 726 1219 Con-firmatio
761 1148 856 1212 est,
895 1163 992 1214 per
1026 1163 1187 1213 quam
1221 1146 1647 1214 argumentando
1687 1148 1906 1198 nostrae

225 1238 415 1272 causae
447 1219 604 1270 fidem
640 1222 694 1270 et
726 1219 1104 1281 auctoritatem
1138 1222 1191 1270 et
1222 1219 1622 1271 firmamentum
1664 1219 1908 1289 adiungit

226 1293 413 1345 oratio,
493 1292 666 1344 Huius
714 1292 885 1360 partis
935 1295 1082 1344 certa
1130 1295 1255 1343 sunt
1300 1295 1610 1361 praecepta,
1666 1310 1802 1360 quae
1849 1293 1906 1344 in
1932 1307 1973 1339 15
2024 1291 2040 1343 ³.-

226 1366 441 1434 singula
487 1384 784 1417 causarum
848 1382 1045 1432 genera
1111 1365 1427 1417 dividentur.
1520 1364 1908 1417 Verumtamen

225 1458 334 1492 non
373 1438 774 1491 incommodum
814 1438 1024 1489 videtur
1066 1438 1335 1506 quandam
1369 1438 1563 1490 silvam
1597 1441 1757 1508 atque
1796 1458 1907 1491 ma-

225 1513 420 1564 teriam
472 1512 783 1564 universam
841 1514 962 1562 ante
1001 1511 1327 1578 ‘permixtim
1384 1514 1438 1563 et
1485 1508 1734 1580 confuse)
1751 1530 1906 1581 expo-

224 1603 349 1637 nere
399 1582 1237 1653 omniumjargumentationum,
1284 1587 1410 1653 post
1460 1588 1640 1636 autem
1681 1585 1906 1652 tradere,

2027 1346 2046 1397 i·

226 1645 674 1726 quemadmodum
736 1675 902 1707 unum
973 1657 1219 1725 quodque
1290 1675 1480 1710 causae
1556 1674 1723 1726 genus
1783 1658 1974 1710 11111320
2027 1656 2043 1712 fss:

227 1731 474 1784 omnibus
534 1730 947 1799 argumentandi
1000 1730 1302 1782 rationibus
1357 1730 1546 1783 tractis
1601 1730 1908 1784 confirmari

226 1807 489 1874 oporteat.

373 1877 570 1929 Omnes
618 1894 703 1929 res
754 1876 1228 1946 [argumentando]
1277 1877 1664 1929 confirmantur
1710 1881 1805 1930 aut
1843 1896 1907 1930 ex

228 1970 304 2019 e0,
345 1951 487 2019 quod
525 1950 786 2019 personis,
827 1953 920 2002 aut
960 1968 1024 2000 ex
1063 1968 1141 2017 cO,
1181 1949 1321 2018 quod
1359 1950 1592 2019 negotiis
1633 1953 1716 2002 est
1756 1951 1907 2003 attri-

227 2025 431 2076 butum.
500 2024 581 2075 Ac
619 2023 863 2091 personis
903 2023 1002 2074 has
1041 2040 1126 2074 res
1168 2023 1461 2075 attributas
1501 2027 1777 2092 putamus:
1814 2042 1906 2076 no·
1930 2038 1973 2071 25

227 2115 365 2163 men,
396 2100 663 2162 naturam,
688 2097 904 2164 victum,
934 2096 1226 2164 fortunam,
1248 2096 1512 2165 habitum,
1538 2096 1907 2165 adfectionem,

229 2171 427 2237 studia,
476 2169 721 2237 consilia,
759 2170 926 2237 facta,
967 2187 1144 2236 038118,
1197 2169 1481 2222 orationes
1557 2169 1771 2222 Nomen
1810 2174 1907 2238 est,

229 2243 370 2312 quod
401 2243 494 2294 uni
526 2242 714 2310 cuique
747 2260 1005 2310 personae
1039 2242 1211 2308 datur,
1249 2261 1352 2310 quo
1387 2260 1483 2294 suo
1518 2261 1758 2312 quaeque
1788 2244 1911 2312 pro-

226 2317 344 2386 prio
401 2319 456 2368 et
511 2319 656 2367 certo
703 2315 965 2367 vocabulo
1018 2316 1336 2383 appellatur.
1418 2315 1686 2368 Naturam
1730 2316 1906 2385 ipsam

229 2389 446 2442 definire
480 2388 693 2440 difficile
727 2391 831 2456 est3
869 2390 1053 2456 partes
1096 2392 1275 2440 autem
1309 2389 1420 2440 eius
1454 2407 1761 2442 enumerare
1801 2407 1906 2458 338,
1931 2404 1975 2437 30

231 2481 456 2531 quarum
510 2461 812 2530 indigemus
869 2461 935 2512 ad
990 2460 1128 2513 hanc
1180 2462 1638 2530 praeceptionem,
1694 2462 1905 2514 facilius

230 2541 323 2588 est.
386 2535 496 2587 Eae
537 2538 718 2586 autem
756 2534 958 2603 partim
1000 2534 1193 2600 divinO,
1233 2534 1434 2603 partim
1465 2535 1685 2587 mortali
1721 2535 1779 2586 in
1818 2552 1904 2605 ge-

227 2627 352 2660 nere
392 2611 689 2660 versantur.
768 2607 1082 2659 Mortalium
1133 2610 1314 2660 autem
1351 2625 1479 2676 pars
1517 2608 1575 2659 in
1612 2608 1906 2676 hominum,

228 2699 354 2750 pars
394 2681 450 2732 in
488 2681 786 2733 bestiarum
834 2697 1028 2750 genere
1071 2684 1435 2733 numerantur.
1513 2680 1589 2732 At
1626 2681 1906 2733 hominum

230 2772 396 2824 genus
438 2757 491 2806 et
529 2755 585 2805 in
626 2771 754 2806 sexu
795 2753 1177 2821 consideratur,
1215 2753 1370 2806 virile
1410 2772 1479 2805 an
1517 2754 1780 2806 muliebre
1819 2754 1906 2823 sit,
1930 2767 1975 2802 35

230 2831 285 2880 et
338 2827 394 2878 in
440 2827 681 2894 natione,
736 2827 936 2895 patria,
991 2826 1333 2894 cognatione,
1389 2829 1582 2880 aetate.
1654 2826 1905 2896 Natione,

229 2900 422 2953 Graius
464 2918 532 2951 an
570 2901 858 2967 barbarus3
903 2900 1104 2968 patria,
1153 2899 1501 2952 Atheniensis
1542 2918 1611 2952 an
1648 2899 1906 2952 Lacedae-

2023 1709 2046 1830 ἒ

2025 2061 2047 2295 ἒ
