2075 3235
160 147 216 186 27
517 140 701 184 LIBER
732 141 765 184 Ι.
823 138 949 183 CAP.
984 144 1173 184 26—27.
1230 144 1254 193 ξ
1288 145 1477 185 37—41.
1737 142 1840 194 143

160 260 359 312 litteris
401 262 632 326 exstent3
682 262 736 311 et
775 278 911 327 quae
950 278 1123 328 nuper
1164 263 1318 330 gesta
1358 259 1481 325 sint,
1533 279 1667 329 quae
1710 262 1841 314 scire

159 334 400 403 plerique
447 332 679 401 possint3
727 336 780 383 et
826 333 958 384 item
1007 351 1142 400 quae
1189 333 1394 385 instent
1440 333 1498 384 in
1535 335 1843 402 praesentia

160 410 214 458 et
245 425 365 459 cum
398 405 628 458 maxime
660 405 795 457 fiant
827 409 881 458 et
914 424 1049 474 quae
1080 409 1489 475 consequantur.
1551 407 1615 458 In
1648 407 1840 475 quibus

159 482 339 549 potest
377 478 724 546 considerari,
778 479 904 546 quid
946 479 1091 532 ocius
1133 483 1186 532 et
1226 480 1351 548 quid
1392 480 1560 532 serius
1599 480 1838 532 futurum

117 568 136 600 5
163 554 247 606 sit.
339 552 412 604 Et
473 552 604 604 item
660 552 1015 604 communiter
1068 553 1123 604 in
1176 557 1418 622 tempore
1472 554 1840 622 perspiciendo

159 626 529 696 longinquitas
563 626 674 677 eius
709 628 791 677 est
817 626 1214 684 consideranda.
1270 626 1412 679 Nam
1444 645 1602 696 saepe
1627 630 1844 696 oportet

161 699 462 752 commetiri
494 717 613 751 cum
644 702 887 768 tempore
918 699 1201 768 negotium
1235 703 1287 751 et
1311 700 1504 767 videre,
1536 701 1842 769 potueritne

163 777 256 825 aut
321 773 636 843 magnitudo
682 773 888 842 negotii
942 777 1035 824 aut
1089 773 1380 825 multitudo
1435 793 1615 826 rerum
1669 776 1725 826 in
1780 793 1841 827 eo

161 847 392 915 transigi
452 850 710 915 tempore
805 845 1214 911 [Consideratur
1278 850 1458 899 autem
1513 851 1726 916 tempus
1790 851 1843 900 et

96 935 135 966 10
162 920 288 972 anni
336 924 389 972 et
437 920 638 972 mensis
692 923 745 972 et
785 919 889 971 diei
929 923 981 971 et
1020 920 1194 972 noctis
1236 923 1289 972 et
1326 920 1546 988 vigiliae
1587 924 1640 973 et
1678 922 1843 973 horae

161 999 214 1046 et
259 994 316 1045 in
363 994 545 1062 aliqua
589 996 745 1062 parte
801 993 1023 1045 alicuius
1070 993 1301 1058 hor.um]
1390 993 1613 1046 Occasio
1662 997 1843 1046 autem
1863 979 1929 1032 27

162 1071 244 1120 est
288 1086 415 1136 pars
462 1067 722 1136 temporis
770 1067 974 1119 habens
1021 1067 1079 1118 in
1119 1085 1173 1128 se
1215 1067 1439 1119 alicuius
1479 1068 1558 1120 rei
1595 1067 1845 1120 idoneam
1876 1056 1931 1095 40

160 1141 389 1194 faciendi
429 1144 522 1193 aut
559 1159 669 1193 non
706 1141 937 1193 faciendi
970 1141 1442 1210 opportunitatem.
1509 1140 1684 1203 Quare
1724 1160 1844 1194 cum

160 1218 402 1284 tempore
448 1214 552 1267 hoc
602 1214 800 1266 differt:
855 1233 982 1266 nam
1038 1232 1230 1297 genere
1287 1215 1501 1283 quidem
1556 1218 1843 1283 utrumque

93 1303 132 1334 15
158 1289 300 1340 idem
334 1305 449 1340 esse
479 1288 831 1357 intellegitur,
862 1306 1048 1340 verum
1080 1288 1137 1339 in
1168 1292 1412 1357 tempore
1444 1288 1682 1370 spatium
1715 1308 1845 1357 quo-

162 1363 283 1414 dam
324 1362 482 1414 modo
525 1361 840 1443 declaratur,
882 1361 1023 1429 quod
1060 1361 1118 1412 in
1158 1361 1311 1413 annis
1355 1364 1447 1413 aut
1486 1362 1539 1413 in
1577 1381 1716 1414 anno
1752 1366 1846 1414 aut

157 1436 215 1488 in
248 1435 430 1504 aliqua
462 1435 588 1486 anni
618 1438 772 1503 parte
805 1437 1095 1503 spectatur,
1127 1434 1184 1486 in
1209 1435 1485 1487 occasione
1519 1435 1586 1487 ad
1611 1436 1846 1504 spatium

158 1509 419 1578 temporis
481 1508 711 1560 faciendi
759 1508 1019 1576 quaedam
1075 1509 1453 1577 opportunitas
1508 1509 1846 1578 intellegitur

160 1583 426 1636 adiuncta:
489 1584 664 1643 Quare
698 1600 817 1634 cum
858 1600 1051 1650 genere
1091 1582 1233 1633 idem
1274 1582 1360 1650 sit,
1399 1583 1463 1634 fit
1504 1583 1664 1650 aliud,
1705 1584 1846 1650 quod

92 1671 133 1720 20
159 1660 314 1726 parte
362 1656 592 1725 quadam
640 1658 694 1706 et
742 1656 938 1725 specie,
985 1659 1046 1707 ut
1094 1656 1345 1724 diximUS,
1395 1656 1620 1708 differat.
1698 1656 1846 1709 Haec

161 1730 505 1783 distribuitur
554 1729 612 1780 in
650 1729 757 1781 tria
798 1747 1016 1798 genera:
1064 1729 1360 1798 publicum,
1401 1747 1701 1797 commune,
1744 1730 1846 1781 sin-

162 1800 410 1875 gulare.
446 1802 725 1855 Publicum
778 1806 880 1871 est,
940 1803 1082 1871 quod
1130 1802 1319 1855 civitas
1367 1803 1618 1855 universa
1664 1803 1846 1872 aliqua

161 1879 224 1931 de
279 1882 460 1931 causa‘
493 1876 824 1945 frequentat,
885 1879 946 1929 ut
1000 1876 1134 1944 ludi,
1201 1876 1312 1928 dies
1367 1875 1561 1944 festUS,
1625 1877 1845 1929 bellum.

161 1951 472 2020 Commune,
513 1951 652 2019 quod
694 1950 885 2003 accidit
925 1951 1174 2003 omnibus
1216 1951 1402 2002 eodem
1439 1949 1551 2002 fere
1586 1953 1845 2019 tempore,

91 2040 136 2073 25
161 2029 222 2078 ut
262 2025 468 2091 11133313,
506 2024 789 2092 vindemia,
829 2024 990 2093 calor,
1030 2024 1218 2093 frigus,
1289 2023 1575 2093 Singulare
1617 2025 1844 2090 [autem]

161 2103 265 2168 est,
318 2098 460 2168 quod
507 2098 690 2166 aliqua
737 2098 799 2150 de
840 2116 1001 2150 causa
1039 2098 1296 2166 privatim
1337 2098 1497 2150 alicui
1537 2099 1674 2150 solet
1714 2098 1846 2150 acci-

162 2173 298 2241 dere,
329 2175 390 2225 ut
417 2172 652 2241 nuptiae,
685 2170 1018 2240 sacrificium,
1049 2171 1225 2239 funUS,
1259 2171 1577 2239 convivium,
1611 2189 1844 2223 somnus

160 2247 352 2300 Modus
386 2249 565 2298 autem
591 2248 688 2313 est,
718 2245 775 2297 in
807 2264 927 2314 quo,
961 2245 1409 2314 quemadmodum
1442 2248 1495 2297 et
1529 2263 1632 2313 quo
1667 2244 1844 2296 animo
1878 2262 1931 2303 41

160 2322 366 2374 factum
406 2319 491 2386 sit,
542 2319 828 2387 quaeritur.
906 2319 1038 2371 Eius
1077 2322 1261 2388 partes
1304 2322 1429 2371 sunt
1467 2318 1754 2387 prudentia
1794 2322 1847 2370 et

95 2409 137 2441 30
161 2361 537 2463 imprudentia.
619 2393 942 2445 Prudentiae
995 2383 1222 2459 [a'utem]
1271 2392 1412 2444 ratio
1463 2392 1736 2459 quaeritur
1783 2409 1847 2443 ex

161 2469 244 2536 113,
284 2485 420 2536 quae
462 2467 615 2532 clam,
654 2466 851 2534 palam,
890 2467 958 2534 vi,
998 2466 1345 2535 Ρ313113310113
1377 2465 1578 2517 fecerit.
1639 2464 1846 2533 Impru-

164 2542 345 2593 dentia
378 2543 472 2592 aut
502 2540 560 2591 in
590 2539 968 2608 purgationem
1002 2539 1291 2607 confertur,
1325 2540 1473 2591 cuius
1506 2541 1688 2608 partes
1723 2541 1848 2590 sunt

162 2614 458 2682 inscientia,
498 2631 668 2680 333113,
706 2613 1014 2681 necessitaS,
1056 2616 1148 2665 aut
1181 2613 1238 2664 in
1270 2612 1627 2664 adfectionem
1667 2611 1846 2679 animi,

162 2690 265 2741 hoc
321 2690 423 2756 est,
479 2685 804 2753 molestiam,
858 2687 1211 2754 iracundiam,
1268 2704 1503 2738 amorem
1553 2688 1606 2737 et
1653 2688 1846 2751 cetera,

97 2775 140 2808 35
166 2780 300 2831 quae
339 2761 394 2812 in
436 2759 600 2812 simili
641 2777 833 2829 genere
865 2765 1161 2812 versantur.
1231 2759 1539 2811 Facultates
1575 2762 1713 2827 sunt,
1755 2763 1846 2810 aut

167 2836 359 2904 quibus
416 2833 628 2886 facilius
684 2833 889 2901 aliquid
941 2834 1004 2885 fit
1060 2836 1151 2885 aut
1207 2834 1320 2885 sine
1378 2832 1571 2901 quibus
1628 2831 1844 2884 omnino

166 2907 353 2962 confici
391 2926 501 2959 non
537 2909 734 2977 potest.
