<?xml version="1.0" encoding="UTF-8"?>
<!DOCTYPE html PUBLIC "-//W3C//DTD XHTML 1.0 Transitional//EN"
    "http://www.w3.org/TR/xhtml1/DTD/xhtml1-transitional.dtd">
<html xmlns="http://www.w3.org/1999/xhtml" xml:lang="en" lang="en">
 <head>
  <title>
</title>
<meta http-equiv="Content-Type" content="text/html;charset=utf-8" />
  <meta name='ocr-system' content='tesseract 3.04.00' />
  <meta name='ocr-capabilities' content='ocr_page ocr_carea ocr_par ocr_line ocrx_word'/>
</head>
<body>
  <div class='ocr_page' id='page_1' title='image "./p1scriptaquaemanse01ciceuoft_0030.png"; bbox 0 0 2080 3204; ppageno 0'>
   <div class='ocr_carea' id='block_1_1' title="bbox 1709 184 1970 194">
    <p class='ocr_par' dir='ltr' id='par_1_1' title="bbox 1709 184 1970 194">
     <span class='ocr_line' id='line_1_1' title="bbox 1709 184 1970 194; baseline 0 3010"><span class='ocrx_word' id='word_1_1' title='bbox 1709 184 1970 194; x_wconf 95' lang='lat' dir='ltr'> </span> 
     </span>
    </p>
   </div>
   <div class='ocr_carea' id='block_1_2' title="bbox 301 187 1972 528">
    <p class='ocr_par' dir='ltr' id='par_1_2' title="bbox 301 187 1972 528">
     <span class='ocr_line' id='line_1_2' title="bbox 303 187 1972 276; baseline 0 0"><span class='ocrx_word' id='word_1_2' title='bbox 303 187 1706 276; x_wconf 46' lang='lat'>3————-—-————-—--—..3</span> <span class='ocrx_word' id='word_1_3' title='bbox 436 200 560 276; x_wconf 46' lang='lat' dir='ltr'>aaa</span> <span class='ocrx_word' id='word_1_4' title='bbox 1106 221 1110 225; x_wconf 57' lang='lat'><em>&gt;</em></span> <span class='ocrx_word' id='word_1_5' title='bbox 1868 199 1972 276; x_wconf 60' lang='lat' dir='ltr'>s»</span> 
     </span>
     <span class='ocr_line' id='line_1_3' title="bbox 301 278 1965 357; baseline 0 -12"><span class='ocrx_word' id='word_1_6' title='bbox 301 292 416 296; x_wconf 57' lang='lat'>’—</span> <span class='ocrx_word' id='word_1_7' title='bbox 464 278 534 346; x_wconf 36' lang='lat'>43·</span> <span class='ocrx_word' id='word_1_8' title='bbox 589 315 723 345; x_wconf 89' lang='lat' dir='ltr'>sensu</span> <span class='ocrx_word' id='word_1_9' title='bbox 754 299 915 357; x_wconf 91' lang='lat' dir='ltr'>populi</span> <span class='ocrx_word' id='word_1_10' title='bbox 948 298 1058 356; x_wconf 87' lang='lat' dir='ltr'>egit.</span> <span class='ocrx_word' id='word_1_11' title='bbox 1112 298 1290 343; x_wconf 82' lang='lat' dir='ltr'>Deinde</span> <span class='ocrx_word' id='word_1_12' title='bbox 1322 284 1425 344; x_wconf 74' lang='lat' dir='ltr'>cuin</span> <span class='ocrx_word' id='word_1_13' title='bbox 1454 300 1605 345; x_wconf 84' lang='lat' dir='ltr'>Pansa</span> <span class='ocrx_word' id='word_1_14' title='bbox 1636 315 1726 345; x_wconf 81' lang='lat' dir='ltr'>cos,</span> <span class='ocrx_word' id='word_1_15' title='bbox 1760 301 1817 345; x_wconf 87' lang='lat' dir='ltr'>de</span> <span class='ocrx_word' id='word_1_16' title='bbox 1886 306 1965 354; x_wconf 52' lang='lat'>64,</span> 
     </span>
     <span class='ocr_line' id='line_1_4' title="bbox 556 358 1817 416; baseline 0 -13"><span class='ocrx_word' id='word_1_17' title='bbox 556 359 757 416; x_wconf 65' lang='lat' dir='ltr'>{legatis</span> <span class='ocrx_word' id='word_1_18' title='bbox 794 360 961 402; x_wconf 88' lang='lat' dir='ltr'>iterum</span> <span class='ocrx_word' id='word_1_19' title='bbox 1001 358 1060 399; x_wconf 88' lang='lat' dir='ltr'>ad</span> <span class='ocrx_word' id='word_1_20' title='bbox 1091 358 1352 401; x_wconf 89' lang='lat' dir='ltr'>Antonium</span> <span class='ocrx_word' id='word_1_21' title='bbox 1383 358 1439 402; x_wconf 90' lang='lat' dir='ltr'>de</span> <span class='ocrx_word' id='word_1_22' title='bbox 1477 373 1590 415; x_wconf 84' lang='lat' dir='ltr'>pace</span> <span class='ocrx_word' id='word_1_23' title='bbox 1629 361 1817 403; x_wconf 88' lang='lat' dir='ltr'>mitten-</span> 
     </span>
     <span class='ocr_line' id='line_1_5' title="bbox 557 415 1900 471; baseline 0.001 -11"><span class='ocrx_word' id='word_1_24' title='bbox 557 416 656 461; x_wconf 69' lang='lat' dir='ltr'>‘dis</span> <span class='ocrx_word' id='word_1_25' title='bbox 703 416 979 469; x_wconf 71' lang='lat' dir='ltr'>rettulisset,</span> <span class='ocrx_word' id='word_1_26' title='bbox 1023 415 1170 470; x_wconf 90' lang='lat' dir='ltr'>iique,</span> <span class='ocrx_word' id='word_1_27' title='bbox 1229 416 1309 471; x_wconf 90' lang='lat' dir='ltr'>qui</span> <span class='ocrx_word' id='word_1_28' title='bbox 1356 415 1495 471; x_wconf 87' lang='lat' dir='ltr'>primi</span> <span class='ocrx_word' id='word_1_29' title='bbox 1542 418 1818 461; x_wconf 84' lang='lat' dir='ltr'>sententiam</span> <span class='ocrx_word' id='word_1_30' title='bbox 1895 419 1900 424; x_wconf 81' lang='grc'><strong><em>’</em></strong></span> 
     </span>
     <span class='ocr_line' id='line_1_6' title="bbox 589 473 1832 528; baseline 0.001 -10"><span class='ocrx_word' id='word_1_31' title='bbox 589 476 809 528; x_wconf 76' lang='lat' dir='ltr'>dixerant,</span> <span class='ocrx_word' id='word_1_32' title='bbox 843 475 961 517; x_wconf 90' lang='lat' dir='ltr'>hanc</span> <span class='ocrx_word' id='word_1_33' title='bbox 993 473 1274 527; x_wconf 77' lang='lat' dir='ltr'>legationem</span> <span class='ocrx_word' id='word_1_34' title='bbox 1304 474 1353 517; x_wconf 91' lang='lat' dir='ltr'>P.</span> <span class='ocrx_word' id='word_1_35' title='bbox 1389 474 1582 519; x_wconf 85' lang='lat' dir='ltr'>Servilio</span> <span class='ocrx_word' id='word_1_36' title='bbox 1615 478 1663 520; x_wconf 91' lang='lat' dir='ltr'>et</span> <span class='ocrx_word' id='word_1_37' title='bbox 1693 476 1832 519; x_wconf 90' lang='lat' dir='ltr'>Cice-.</span> 
     </span>
    </p>
   </div>
   <div class='ocr_carea' id='block_1_3' title="bbox 0 0 1626 265">
    <p class='ocr_par' dir='ltr' id='par_1_3' title="bbox 0 0 1626 265">
     <span class='ocr_line' id='line_1_7' title="bbox 0 0 1626 265; baseline -0.002 -152"><span class='ocrx_word' id='word_1_38' title='bbox 0 0 20 265; x_wconf 49' lang='lat' dir='ltr'>T}</span> <span class='ocrx_word' id='word_1_39' title='bbox 301 67 450 111; x_wconf 70' lang='lat' dir='ltr'>xxiv</span> <span class='ocrx_word' id='word_1_40' title='bbox 646 53 1067 111; x_wconf 73' lang='lat' dir='ltr'>MEMoaAssiLIA</span> <span class='ocrx_word' id='word_1_41' title='bbox 1099 67 1278 110; x_wconf 78' lang='lat' dir='ltr'>VITAE</span> <span class='ocrx_word' id='word_1_42' title='bbox 1314 66 1626 111; x_wconf 78' lang='lat' dir='ltr'>CICERONIS</span> 
     </span>
     <span class='ocr_line' id='line_1_8' title="bbox 16 199 21 255; baseline 0 0"><span class='ocrx_word' id='word_1_43' title='bbox 16 199 21 255; x_wconf 75' lang='grc' dir='ltr'>ῐ</span> 
     </span>
    </p>
   </div>
   <div class='ocr_carea' id='block_1_4' title="bbox 434 292 549 296">
    <p class='ocr_par' dir='ltr' id='par_1_4' title="bbox 434 292 549 296">
     <span class='ocr_line' id='line_1_9' title="bbox 434 292 549 296; baseline 0 0"><span class='ocrx_word' id='word_1_44' title='bbox 434 292 549 296; x_wconf 95' lang='lat' dir='ltr'> </span> 
     </span>
    </p>
   </div>
   <div class='ocr_carea' id='block_1_5' title="bbox 1855 289 1971 295">
    <p class='ocr_par' dir='ltr' id='par_1_5' title="bbox 1855 289 1971 295">
     <span class='ocr_line' id='line_1_10' title="bbox 1855 289 1971 295; baseline 0 0"><span class='ocrx_word' id='word_1_45' title='bbox 1855 289 1971 295; x_wconf 95' lang='lat' dir='ltr'> </span> 
     </span>
    </p>
   </div>
   <div class='ocr_carea' id='block_1_6' title="bbox 556 523 1822 1355">
    <p class='ocr_par' dir='ltr' id='par_1_6' title="bbox 556 523 1822 1355">
     <span class='ocr_line' id='line_1_11' title="bbox 557 523 1818 592; baseline 0.002 -16"><span class='ocrx_word' id='word_1_46' title='bbox 557 523 560 592; x_wconf 62' lang='lat' dir='ltr'><strong>j</strong></span> <span class='ocrx_word' id='word_1_47' title='bbox 589 535 689 576; x_wconf 89' lang='lat' dir='ltr'>roni</span> <span class='ocrx_word' id='word_1_48' title='bbox 750 532 1063 576; x_wconf 80' lang='lat' dir='ltr'>mandandam</span> <span class='ocrx_word' id='word_1_49' title='bbox 1124 545 1225 574; x_wconf 87' lang='lat' dir='ltr'>esse</span> <span class='ocrx_word' id='word_1_50' title='bbox 1289 534 1596 589; x_wconf 82' lang='lat' dir='ltr'>censuissent,</span> <span class='ocrx_word' id='word_1_51' title='bbox 1659 534 1818 578; x_wconf 91' lang='lat' dir='ltr'>Cicero</span> 
     </span>
     <span class='ocr_line' id='line_1_12' title="bbox 557 591 1818 647; baseline 0.002 -13"><span class='ocrx_word' id='word_1_52' title='bbox 557 615 559 644; x_wconf 78' lang='grc'>,</span> <span class='ocrx_word' id='word_1_53' title='bbox 592 593 859 647; x_wconf 76' lang='lat' dir='ltr'>Philippica</span> <span class='ocrx_word' id='word_1_54' title='bbox 888 591 1152 634; x_wconf 75' lang='lat' dir='ltr'>duodecima</span> <span class='ocrx_word' id='word_1_55' title='bbox 1181 591 1372 646; x_wconf 82' lang='lat' dir='ltr'>negavit</span> <span class='ocrx_word' id='word_1_56' title='bbox 1400 605 1563 646; x_wconf 88' lang='lat' dir='ltr'>pacem</span> <span class='ocrx_word' id='word_1_57' title='bbox 1594 607 1697 636; x_wconf 90' lang='lat' dir='ltr'>cum</span> <span class='ocrx_word' id='word_1_58' title='bbox 1724 594 1818 636; x_wconf 85' lang='lat' dir='ltr'>An-</span> 
     </span>
     <span class='ocr_line' id='line_1_13' title="bbox 557 645 1819 706; baseline 0 -12"><span class='ocrx_word' id='word_1_59' title='bbox 557 645 715 694; x_wconf 82' lang='lat' dir='ltr'>&#39;tonio</span> <span class='ocrx_word' id='word_1_60' title='bbox 754 649 853 692; x_wconf 86' lang='lat' dir='ltr'>fieri</span> <span class='ocrx_word' id='word_1_61' title='bbox 891 662 1047 703; x_wconf 90' lang='lat' dir='ltr'>posse,</span> <span class='ocrx_word' id='word_1_62' title='bbox 1087 647 1308 703; x_wconf 89' lang='lat' dir='ltr'>illamque</span> <span class='ocrx_word' id='word_1_63' title='bbox 1347 649 1629 705; x_wconf 85' lang='lat' dir='ltr'>legationem</span> <span class='ocrx_word' id='word_1_64' title='bbox 1659 651 1819 706; x_wconf 89' lang='lat' dir='ltr'>depre-</span> 
     </span>
     <span class='ocr_line' id='line_1_14' title="bbox 590 706 1818 763; baseline 0.001 -12"><span class='ocrx_word' id='word_1_65' title='bbox 590 711 717 752; x_wconf 81' lang='lat' dir='ltr'>catus</span> <span class='ocrx_word' id='word_1_66' title='bbox 750 711 833 751; x_wconf 87' lang='lat' dir='ltr'>est.</span> <span class='ocrx_word' id='word_1_67' title='bbox 895 706 1039 750; x_wconf 87' lang='lat' dir='ltr'>Paulo</span> <span class='ocrx_word' id='word_1_68' title='bbox 1078 708 1186 762; x_wconf 86' lang='lat' dir='ltr'>post</span> <span class='ocrx_word' id='word_1_69' title='bbox 1215 709 1366 751; x_wconf 84' lang='lat' dir='ltr'>Pansa</span> <span class='ocrx_word' id='word_1_70' title='bbox 1409 709 1596 763; x_wconf 86' lang='lat' dir='ltr'>consule</span> <span class='ocrx_word' id='word_1_71' title='bbox 1635 710 1692 752; x_wconf 88' lang='lat' dir='ltr'>ad</span> <span class='ocrx_word' id='word_1_72' title='bbox 1721 709 1818 752; x_wconf 92' lang='lat' dir='ltr'>bel-</span> 
     </span>
     <span class='ocr_line' id='line_1_15' title="bbox 557 765 1819 821; baseline 0.002 -12"><span class='ocrx_word' id='word_1_73' title='bbox 557 793 559 804; x_wconf 84' lang='lat'>·</span> <span class='ocrx_word' id='word_1_74' title='bbox 588 768 683 809; x_wconf 89' lang='lat' dir='ltr'>lum</span> <span class='ocrx_word' id='word_1_75' title='bbox 722 766 953 821; x_wconf 85' lang='lat' dir='ltr'>profecto,</span> <span class='ocrx_word' id='word_1_76' title='bbox 994 779 1096 808; x_wconf 88' lang='lat' dir='ltr'>cum</span> <span class='ocrx_word' id='word_1_77' title='bbox 1139 766 1194 809; x_wconf 92' lang='lat' dir='ltr'>de</span> <span class='ocrx_word' id='word_1_78' title='bbox 1226 765 1397 810; x_wconf 90' lang='lat' dir='ltr'>litteris</span> <span class='ocrx_word' id='word_1_79' title='bbox 1427 766 1487 810; x_wconf 91' lang='lat' dir='ltr'>M.</span> <span class='ocrx_word' id='word_1_80' title='bbox 1520 767 1819 817; x_wconf 80' lang='lat' dir='ltr'>AemiliiLe-</span> 
     </span>
     <span class='ocr_line' id='line_1_16' title="bbox 556 805 1819 880; baseline 0.002 -14"><span class='ocrx_word' id='word_1_81' title='bbox 556 805 559 878; x_wconf 69' lang='grc' dir='ltr'>Ῐ</span> <span class='ocrx_word' id='word_1_82' title='bbox 588 823 686 880; x_wconf 90' lang='lat' dir='ltr'>pidi</span> <span class='ocrx_word' id='word_1_83' title='bbox 724 825 787 867; x_wconf 86' lang='lat' dir='ltr'>ad</span> <span class='ocrx_word' id='word_1_84' title='bbox 818 826 1027 868; x_wconf 89' lang='lat' dir='ltr'>senatum</span> <span class='ocrx_word' id='word_1_85' title='bbox 1057 824 1210 867; x_wconf 90' lang='lat' dir='ltr'>missis</span> <span class='ocrx_word' id='word_1_86' title='bbox 1243 827 1479 880; x_wconf 79' lang='lat' dir='ltr'>ageretur,</span> <span class='ocrx_word' id='word_1_87' title='bbox 1519 824 1684 880; x_wconf 81' lang='lat' dir='ltr'>quibus</span> <span class='ocrx_word' id='word_1_88' title='bbox 1715 838 1819 868; x_wconf 91' lang='lat' dir='ltr'>eum</span> 
     </span>
     <span class='ocr_line' id='line_1_17' title="bbox 556 883 1819 938; baseline -0.001 -12"><span class='ocrx_word' id='word_1_89' title='bbox 556 883 559 936; x_wconf 75' lang='lat' dir='ltr'>i</span> <span class='ocrx_word' id='word_1_90' title='bbox 588 884 648 926; x_wconf 90' lang='lat' dir='ltr'>ad</span> <span class='ocrx_word' id='word_1_91' title='bbox 680 896 843 938; x_wconf 87' lang='lat' dir='ltr'>pacem</span> <span class='ocrx_word' id='word_1_92' title='bbox 876 898 979 925; x_wconf 89' lang='lat' dir='ltr'>cum</span> <span class='ocrx_word' id='word_1_93' title='bbox 1011 883 1211 926; x_wconf 89' lang='lat' dir='ltr'>Antonio</span> <span class='ocrx_word' id='word_1_94' title='bbox 1243 884 1503 926; x_wconf 85' lang='lat' dir='ltr'>faciendam</span> <span class='ocrx_word' id='word_1_95' title='bbox 1533 883 1819 937; x_wconf 78' lang='lat' dir='ltr'>hortabatur,</span> 
     </span>
     <span class='ocr_line' id='line_1_18' title="bbox 556 941 1820 996; baseline 0 -11"><span class='ocrx_word' id='word_1_96' title='bbox 556 941 559 995; x_wconf 97' lang='grc' dir='ltr'>Ι</span> <span class='ocrx_word' id='word_1_97' title='bbox 589 941 748 985; x_wconf 89' lang='lat' dir='ltr'>Cicero</span> <span class='ocrx_word' id='word_1_98' title='bbox 782 941 1051 996; x_wconf 77' lang='lat' dir='ltr'>Philippica</span> <span class='ocrx_word' id='word_1_99' title='bbox 1089 943 1260 986; x_wconf 80' lang='lat' dir='ltr'>decima</span> <span class='ocrx_word' id='word_1_100' title='bbox 1301 944 1437 986; x_wconf 77' lang='lat' dir='ltr'>tertia</span> <span class='ocrx_word' id='word_1_101' title='bbox 1473 943 1641 986; x_wconf 87' lang='lat' dir='ltr'>iterum</span> <span class='ocrx_word' id='word_1_102' title='bbox 1681 942 1820 985; x_wconf 84' lang='lat' dir='ltr'>istam</span> 
     </span>
     <span class='ocr_line' id='line_1_19' title="bbox 586 999 1821 1056; baseline -0.001 -13"><span class='ocrx_word' id='word_1_103' title='bbox 586 1014 749 1056; x_wconf 90' lang='lat' dir='ltr'>pacem</span> <span class='ocrx_word' id='word_1_104' title='bbox 775 1000 991 1043; x_wconf 85' lang='lat' dir='ltr'>dissuasit</span> <span class='ocrx_word' id='word_1_105' title='bbox 1019 999 1289 1056; x_wconf 81' lang='lat' dir='ltr'>litterasque</span> <span class='ocrx_word' id='word_1_106' title='bbox 1321 1000 1378 1044; x_wconf 92' lang='lat' dir='ltr'>ab</span> <span class='ocrx_word' id='word_1_107' title='bbox 1403 1000 1606 1044; x_wconf 88' lang='lat' dir='ltr'>Antonio</span> <span class='ocrx_word' id='word_1_108' title='bbox 1635 1001 1695 1044; x_wconf 89' lang='lat' dir='ltr'>ad</span> <span class='ocrx_word' id='word_1_109' title='bbox 1717 999 1821 1043; x_wconf 89' lang='lat' dir='ltr'>Hir—</span> 
     </span>
     <span class='ocr_line' id='line_1_20' title="bbox 587 1057 1822 1112; baseline 0 -10"><span class='ocrx_word' id='word_1_110' title='bbox 587 1058 706 1102; x_wconf 86' lang='lat' dir='ltr'>tium</span> <span class='ocrx_word' id='word_1_111' title='bbox 750 1061 796 1102; x_wconf 87' lang='lat' dir='ltr'>et</span> <span class='ocrx_word' id='word_1_112' title='bbox 829 1057 1130 1102; x_wconf 77' lang='lat' dir='ltr'>Octavianum</span> <span class='ocrx_word' id='word_1_113' title='bbox 1172 1060 1334 1102; x_wconf 90' lang='lat' dir='ltr'>missas</span> <span class='ocrx_word' id='word_1_114' title='bbox 1377 1059 1612 1112; x_wconf 86' lang='lat' dir='ltr'>recitavit,</span> <span class='ocrx_word' id='word_1_115' title='bbox 1657 1059 1726 1103; x_wconf 81' lang='lat' dir='ltr'>ita</span> <span class='ocrx_word' id='word_1_116' title='bbox 1767 1062 1822 1102; x_wconf 86' lang='lat' dir='ltr'>ut</span> 
     </span>
     <span class='ocr_line' id='line_1_21' title="bbox 556 1117 1818 1172; baseline 0 -13"><span class='ocrx_word' id='word_1_117' title='bbox 556 1122 559 1159; x_wconf 78' lang='lat'>1</span> <span class='ocrx_word' id='word_1_118' title='bbox 589 1118 796 1172; x_wconf 87' lang='lat' dir='ltr'>singulas</span> <span class='ocrx_word' id='word_1_119' title='bbox 829 1117 926 1160; x_wconf 88' lang='lat' dir='ltr'>eius</span> <span class='ocrx_word' id='word_1_120' title='bbox 952 1117 1204 1161; x_wconf 84' lang='lat' dir='ltr'>sententias</span> <span class='ocrx_word' id='word_1_121' title='bbox 1229 1118 1499 1161; x_wconf 79' lang='lat' dir='ltr'>confutaret.</span> <span class='ocrx_word' id='word_1_122' title='bbox 1552 1117 1693 1161; x_wconf 90' lang='lat' dir='ltr'>XVII.</span> <span class='ocrx_word' id='word_1_123' title='bbox 1717 1117 1818 1160; x_wconf 87' lang='lat' dir='ltr'>Kal.</span> 
     </span>
     <span class='ocr_line' id='line_1_22' title="bbox 557 1164 1819 1244; baseline 0.001 -27"><span class='ocrx_word' id='word_1_124' title='bbox 557 1164 560 1244; x_wconf 59' lang='lat' dir='ltr'><strong>J</strong></span> <span class='ocrx_word' id='word_1_125' title='bbox 587 1175 735 1219; x_wconf 82' lang='lat' dir='ltr'>Maias</span> <span class='ocrx_word' id='word_1_126' title='bbox 767 1175 995 1219; x_wconf 88' lang='lat' dir='ltr'>Antonius</span> <span class='ocrx_word' id='word_1_127' title='bbox 1026 1176 1202 1232; x_wconf 88' lang='lat' dir='ltr'>proelio</span> <span class='ocrx_word' id='word_1_128' title='bbox 1235 1178 1292 1220; x_wconf 90' lang='lat' dir='ltr'>ad</span> <span class='ocrx_word' id='word_1_129' title='bbox 1321 1177 1547 1220; x_wconf 84' lang='lat' dir='ltr'>Mutinam</span> <span class='ocrx_word' id='word_1_130' title='bbox 1581 1178 1819 1232; x_wconf 89' lang='lat' dir='ltr'>superatus</span> 
     </span>
     <span class='ocr_line' id='line_1_23' title="bbox 557 1235 1821 1297; baseline 0 -20"><span class='ocrx_word' id='word_1_131' title='bbox 557 1239 677 1297; x_wconf 48' lang='lat' dir='ltr'>lest,</span> <span class='ocrx_word' id='word_1_132' title='bbox 723 1235 772 1278; x_wconf 90' lang='lat' dir='ltr'>in</span> <span class='ocrx_word' id='word_1_133' title='bbox 819 1249 909 1290; x_wconf 90' lang='lat' dir='ltr'>quo</span> <span class='ocrx_word' id='word_1_134' title='bbox 957 1235 1075 1277; x_wconf 87' lang='lat' dir='ltr'>alter</span> <span class='ocrx_word' id='word_1_135' title='bbox 1121 1247 1207 1278; x_wconf 90' lang='lat' dir='ltr'>cos.</span> <span class='ocrx_word' id='word_1_136' title='bbox 1250 1235 1424 1278; x_wconf 83' lang='lat' dir='ltr'>Hirtius</span> <span class='ocrx_word' id='word_1_137' title='bbox 1470 1235 1656 1289; x_wconf 88' lang='lat' dir='ltr'>cecidit,</span> <span class='ocrx_word' id='word_1_138' title='bbox 1703 1235 1821 1278; x_wconf 88' lang='lat' dir='ltr'>alter</span> 
     </span>
     <span class='ocr_line' id='line_1_24' title="bbox 557 1293 1820 1355; baseline 0 -19"><span class='ocrx_word' id='word_1_139' title='bbox 557 1294 740 1355; x_wconf 64' lang='lat' dir='ltr'>2Pansa</span> <span class='ocrx_word' id='word_1_140' title='bbox 778 1294 1047 1336; x_wconf 83' lang='lat' dir='ltr'>vulneratus</span> <span class='ocrx_word' id='word_1_141' title='bbox 1094 1296 1165 1336; x_wconf 89' lang='lat' dir='ltr'>est</span> <span class='ocrx_word' id='word_1_142' title='bbox 1211 1295 1257 1336; x_wconf 88' lang='lat' dir='ltr'>et</span> <span class='ocrx_word' id='word_1_143' title='bbox 1303 1294 1464 1349; x_wconf 83' lang='lat' dir='ltr'>paucis</span> <span class='ocrx_word' id='word_1_144' title='bbox 1508 1295 1614 1349; x_wconf 88' lang='lat' dir='ltr'>post</span> <span class='ocrx_word' id='word_1_145' title='bbox 1658 1293 1820 1337; x_wconf 89' lang='lat' dir='ltr'>diebus</span> 
     </span>
    </p>
   </div>
   <div class='ocr_carea' id='block_1_7' title="bbox 557 1301 1854 1594">
    <p class='ocr_par' dir='ltr' id='par_1_7' title="bbox 557 1301 1854 1594">
     <span class='ocr_line' id='line_1_25' title="bbox 557 1301 1854 1594; baseline 0 -200"><span class='ocrx_word' id='word_1_146' title='bbox 557 1352 824 1402; x_wconf 63' lang='lat' dir='ltr'>aBononiae</span> <span class='ocrx_word' id='word_1_147' title='bbox 870 1354 1090 1395; x_wconf 87' lang='lat' dir='ltr'>mortuus.</span> <span class='ocrx_word' id='word_1_148' title='bbox 1167 1351 1310 1395; x_wconf 90' lang='lat' dir='ltr'>Laeto</span> <span class='ocrx_word' id='word_1_149' title='bbox 1357 1354 1513 1396; x_wconf 87' lang='lat' dir='ltr'>autem</span> <span class='ocrx_word' id='word_1_150' title='bbox 1557 1351 1718 1395; x_wconf 90' lang='lat' dir='ltr'>nuntio</span> <span class='ocrx_word' id='word_1_151' title='bbox 1765 1301 1854 1594; x_wconf 55' lang='lat' dir='ltr'>del</span> 
     </span>
    </p>
   </div>
   <div class='ocr_carea' id='block_1_8' title="bbox 556 669 560 792">
    <p class='ocr_par' dir='ltr' id='par_1_8' title="bbox 556 669 560 792">
     <span class='ocr_line' id='line_1_26' title="bbox 556 669 560 792; baseline 0 2412"><span class='ocrx_word' id='word_1_152' title='bbox 556 669 560 792; x_wconf 95' lang='lat' dir='ltr'> </span> 
     </span>
    </p>
   </div>
   <div class='ocr_carea' id='block_1_9' title="bbox 0 0 2080 1067">
    <p class='ocr_par' dir='ltr' id='par_1_9' title="bbox 0 0 2080 1067">
     <span class='ocr_line' id='line_1_27' title="bbox 0 0 2080 1067; baseline -0.014 0"><span class='ocrx_word' id='word_1_153' title='bbox 0 455 30 1067; x_wconf 95' lang='lat' dir='ltr'> </span> <span class='ocrx_word' id='word_1_154' title='bbox 2023 0 2080 1038; x_wconf 95' lang='lat' dir='ltr'> </span> 
     </span>
    </p>
   </div>
   <div class='ocr_carea' id='block_1_10' title="bbox 556 1003 560 1120">
    <p class='ocr_par' dir='ltr' id='par_1_10' title="bbox 556 1003 560 1120">
     <span class='ocr_line' id='line_1_28' title="bbox 556 1003 560 1120; baseline 0 2084"><span class='ocrx_word' id='word_1_155' title='bbox 556 1003 560 1120; x_wconf 95' lang='lat' dir='ltr'> </span> 
     </span>
    </p>
   </div>
   <div class='ocr_carea' id='block_1_11' title="bbox 555 1406 1873 1933">
    <p class='ocr_par' dir='ltr' id='par_1_11' title="bbox 555 1406 1873 2288">
     <span class='ocr_line' id='line_1_29' title="bbox 558 1406 1819 1464; baseline 0 -12"><span class='ocrx_word' id='word_1_156' title='bbox 558 1406 783 1454; x_wconf 78' lang='lat' dir='ltr'>&#39;victoria</span> <span class='ocrx_word' id='word_1_157' title='bbox 823 1410 1072 1453; x_wconf 84' lang='lat' dir='ltr'>Mutinensi</span> <span class='ocrx_word' id='word_1_158' title='bbox 1112 1410 1308 1454; x_wconf 88' lang='lat' dir='ltr'>Romam</span> <span class='ocrx_word' id='word_1_159' title='bbox 1351 1411 1516 1464; x_wconf 87' lang='lat' dir='ltr'>allato,</span> <span class='ocrx_word' id='word_1_160' title='bbox 1565 1410 1722 1454; x_wconf 88' lang='lat' dir='ltr'>Cicero</span> <span class='ocrx_word' id='word_1_161' title='bbox 1762 1410 1819 1452; x_wconf 92' lang='lat' dir='ltr'>ab</span> 
     </span>
     <span class='ocr_line' id='line_1_30' title="bbox 589 1468 1873 1525; baseline 0.002 -15"><span class='ocrx_word' id='word_1_162' title='bbox 589 1469 770 1525; x_wconf 85' lang='lat' dir='ltr'>ingenti</span> <span class='ocrx_word' id='word_1_163' title='bbox 801 1469 1097 1512; x_wconf 87' lang='lat' dir='ltr'>multitudine</span> <span class='ocrx_word' id='word_1_164' title='bbox 1128 1469 1330 1513; x_wconf 83' lang='lat' dir='ltr'>maximo</span> <span class='ocrx_word' id='word_1_165' title='bbox 1360 1470 1526 1524; x_wconf 90' lang='lat' dir='ltr'>plausu</span> <span class='ocrx_word' id='word_1_166' title='bbox 1556 1469 1604 1512; x_wconf 91' lang='lat' dir='ltr'>in</span> <span class='ocrx_word' id='word_1_167' title='bbox 1636 1468 1819 1524; x_wconf 87' lang='lat' dir='ltr'>Capito·</span> <span class='ocrx_word' id='word_1_168' title='bbox 1870 1501 1873 1505; x_wconf 54' lang='lat'>.</span> 
     </span>
     <span class='ocr_line' id='line_1_31' title="bbox 589 1527 1819 1580; baseline 0 -10"><span class='ocrx_word' id='word_1_169' title='bbox 589 1527 703 1570; x_wconf 90' lang='lat' dir='ltr'>lium</span> <span class='ocrx_word' id='word_1_170' title='bbox 742 1528 928 1580; x_wconf 87' lang='lat' dir='ltr'>ductus,</span> <span class='ocrx_word' id='word_1_171' title='bbox 967 1528 1015 1570; x_wconf 91' lang='lat' dir='ltr'>in</span> <span class='ocrx_word' id='word_1_172' title='bbox 1054 1528 1231 1570; x_wconf 83' lang='lat' dir='ltr'>Rostris</span> <span class='ocrx_word' id='word_1_173' title='bbox 1283 1528 1555 1580; x_wconf 87' lang='lat' dir='ltr'>collocatus,</span> <span class='ocrx_word' id='word_1_174' title='bbox 1594 1527 1702 1570; x_wconf 87' lang='lat' dir='ltr'>inde</span> <span class='ocrx_word' id='word_1_175' title='bbox 1741 1527 1819 1570; x_wconf 90' lang='lat' dir='ltr'>do-</span> 
     </span>
     <span class='ocr_line' id='line_1_32' title="bbox 555 1584 1820 1640; baseline 0.001 -13"><span class='ocrx_word' id='word_1_176' title='bbox 555 1601 559 1640; x_wconf 71' lang='lat'>3</span> <span class='ocrx_word' id='word_1_177' title='bbox 588 1600 714 1628; x_wconf 92' lang='lat' dir='ltr'>mum</span> <span class='ocrx_word' id='word_1_178' title='bbox 737 1587 952 1629; x_wconf 86' lang='lat' dir='ltr'>reductus</span> <span class='ocrx_word' id='word_1_179' title='bbox 978 1588 1058 1629; x_wconf 87' lang='lat' dir='ltr'>est.</span> <span class='ocrx_word' id='word_1_180' title='bbox 1111 1585 1230 1629; x_wconf 86' lang='lat' dir='ltr'>Prid.</span> <span class='ocrx_word' id='word_1_181' title='bbox 1257 1585 1443 1629; x_wconf 87' lang='lat' dir='ltr'>Vinalia</span> <span class='ocrx_word' id='word_1_182' title='bbox 1467 1586 1520 1629; x_wconf 89' lang='lat' dir='ltr'>X.</span> <span class='ocrx_word' id='word_1_183' title='bbox 1550 1586 1647 1629; x_wconf 85' lang='lat' dir='ltr'>Kal.</span> <span class='ocrx_word' id='word_1_184' title='bbox 1674 1584 1820 1628; x_wconf 86' lang='lat' dir='ltr'>Maias</span> 
     </span>
     <span class='ocr_line' id='line_1_33' title="bbox 590 1643 1822 1700; baseline -0.001 -13"><span class='ocrx_word' id='word_1_185' title='bbox 590 1643 745 1688; x_wconf 90' lang='lat' dir='ltr'>Cicero</span> <span class='ocrx_word' id='word_1_186' title='bbox 785 1644 949 1687; x_wconf 87' lang='lat' dir='ltr'>habuit</span> <span class='ocrx_word' id='word_1_187' title='bbox 990 1645 1301 1698; x_wconf 68' lang='lat' dir='ltr'>Philippicam</span> <span class='ocrx_word' id='word_1_188' title='bbox 1344 1645 1561 1688; x_wconf 79' lang='lat' dir='ltr'>decimam</span> <span class='ocrx_word' id='word_1_189' title='bbox 1597 1648 1822 1700; x_wconf 70' lang='lat' dir='ltr'>quartam,</span> 
     </span>
     <span class='ocr_line' id='line_1_34' title="bbox 555 1644 1822 1817; baseline 0.001 -72"><span class='ocrx_word' id='word_1_190' title='bbox 555 1644 559 1817; x_wconf 48' lang='lat' dir='ltr'>t</span> <span class='ocrx_word' id='word_1_191' title='bbox 590 1716 681 1758; x_wconf 89' lang='lat' dir='ltr'>qua</span> <span class='ocrx_word' id='word_1_192' title='bbox 704 1702 847 1746; x_wconf 89' lang='lat' dir='ltr'>trium</span> <span class='ocrx_word' id='word_1_193' title='bbox 872 1703 1039 1745; x_wconf 88' lang='lat' dir='ltr'>ducum</span> <span class='ocrx_word' id='word_1_194' title='bbox 1064 1702 1218 1756; x_wconf 85' lang='lat' dir='ltr'>Hirtii,</span> <span class='ocrx_word' id='word_1_195' title='bbox 1244 1703 1435 1756; x_wconf 88' lang='lat' dir='ltr'>Pansae,</span> <span class='ocrx_word' id='word_1_196' title='bbox 1461 1702 1670 1746; x_wconf 85' lang='lat' dir='ltr'>Caesaris</span> <span class='ocrx_word' id='word_1_197' title='bbox 1688 1702 1822 1746; x_wconf 83' lang='lat' dir='ltr'>Octa-</span> 
     </span>
     <span class='ocr_line' id='line_1_35' title="bbox 590 1760 1822 1817; baseline -0.001 -13"><span class='ocrx_word' id='word_1_198' title='bbox 590 1760 717 1804; x_wconf 78' lang='lat' dir='ltr'>viani</span> <span class='ocrx_word' id='word_1_199' title='bbox 747 1762 931 1805; x_wconf 88' lang='lat' dir='ltr'>nomine</span> <span class='ocrx_word' id='word_1_200' title='bbox 958 1761 1294 1816; x_wconf 82' lang='lat' dir='ltr'>quinquaginta</span> <span class='ocrx_word' id='word_1_201' title='bbox 1320 1761 1498 1805; x_wconf 89' lang='lat' dir='ltr'>dierum</span> <span class='ocrx_word' id='word_1_202' title='bbox 1522 1761 1822 1817; x_wconf 84' lang='lat' dir='ltr'>supplicatio-</span> 
     </span>
     <span class='ocr_line' id='line_1_36' title="bbox 588 1819 1821 1875; baseline 0 -13"><span class='ocrx_word' id='word_1_203' title='bbox 588 1833 694 1862; x_wconf 86' lang='lat' dir='ltr'>nem</span> <span class='ocrx_word' id='word_1_204' title='bbox 724 1820 1059 1863; x_wconf 88' lang='lat' dir='ltr'>decernendam</span> <span class='ocrx_word' id='word_1_205' title='bbox 1083 1819 1415 1874; x_wconf 86' lang='lat' dir='ltr'>militibusque,</span> <span class='ocrx_word' id='word_1_206' title='bbox 1442 1820 1521 1875; x_wconf 90' lang='lat' dir='ltr'>qui</span> <span class='ocrx_word' id='word_1_207' title='bbox 1537 1834 1619 1875; x_wconf 92' lang='lat' dir='ltr'>pro</span> <span class='ocrx_word' id='word_1_208' title='bbox 1636 1833 1684 1863; x_wconf 90' lang='lat' dir='ltr'>re</span> <span class='ocrx_word' id='word_1_209' title='bbox 1697 1819 1821 1875; x_wconf 91' lang='lat' dir='ltr'>publ.</span> 
     </span>
     <span class='ocr_line' id='line_1_37' title="bbox 588 1876 1821 1933; baseline 0 -13"><span class='ocrx_word' id='word_1_210' title='bbox 588 1879 894 1933; x_wconf 75' lang='lat' dir='ltr'>interiissent,</span> <span class='ocrx_word' id='word_1_211' title='bbox 938 1881 1286 1921; x_wconf 89' lang='lat' dir='ltr'>monumentum</span> <span class='ocrx_word' id='word_1_212' title='bbox 1326 1879 1586 1922; x_wconf 89' lang='lat' dir='ltr'>faciendum</span> <span class='ocrx_word' id='word_1_213' title='bbox 1631 1876 1821 1921; x_wconf 83' lang='lat' dir='ltr'>censuit.</span> 
     </span>
    </p>
   </div>
   <div class='ocr_carea' id='block_1_12' title="bbox 556 1417 561 1597">
    <p class='ocr_par' dir='ltr' id='par_1_12' title="bbox 556 1417 561 1597">
     <span class='ocr_line' id='line_1_38' title="bbox 556 1417 561 1597; baseline 0 1607"><span class='ocrx_word' id='word_1_214' title='bbox 556 1417 561 1597; x_wconf 95' lang='lat' dir='ltr'> </span> 
     </span>
    </p>
   </div>
   <div class='ocr_carea' id='block_1_13' title="bbox 1849 1597 1856 1813">
    <p class='ocr_par' dir='ltr' id='par_1_13' title="bbox 1849 1597 1856 1813">
     <span class='ocr_line' id='line_1_39' title="bbox 1849 1597 1856 1813; baseline 0 1391"><span class='ocrx_word' id='word_1_215' title='bbox 1849 1597 1856 1813; x_wconf 95' lang='lat' dir='ltr'> </span> 
     </span>
    </p>
   </div>
   <div class='ocr_carea' id='block_1_14' title="bbox 557 1936 1828 2871">
    <p class='ocr_par' dir='ltr' id='par_1_14' title="bbox 557 1936 1828 2871">
     <span class='ocr_line' id='line_1_40' title="bbox 588 1936 1825 1992; baseline -0.001 -14"><span class='ocrx_word' id='word_1_216' title='bbox 588 1936 664 1981; x_wconf 88' lang='lat' dir='ltr'>IV.</span> <span class='ocrx_word' id='word_1_217' title='bbox 691 1937 791 1980; x_wconf 87' lang='lat' dir='ltr'>Kal.</span> <span class='ocrx_word' id='word_1_218' title='bbox 826 1937 923 1980; x_wconf 88' lang='lat' dir='ltr'>Iun.</span> <span class='ocrx_word' id='word_1_219' title='bbox 956 1937 1016 1980; x_wconf 87' lang='lat' dir='ltr'>M.</span> <span class='ocrx_word' id='word_1_220' title='bbox 1043 1936 1239 1992; x_wconf 88' lang='lat' dir='ltr'>Lepidus</span> <span class='ocrx_word' id='word_1_221' title='bbox 1271 1950 1319 1980; x_wconf 91' lang='lat' dir='ltr'>se</span> <span class='ocrx_word' id='word_1_222' title='bbox 1352 1938 1454 1979; x_wconf 84' lang='lat' dir='ltr'>cum</span> <span class='ocrx_word' id='word_1_223' title='bbox 1485 1936 1686 1980; x_wconf 89' lang='lat' dir='ltr'>Antonio</span> <span class='ocrx_word' id='word_1_224' title='bbox 1719 1936 1825 1992; x_wconf 91' lang='lat' dir='ltr'>post</span> 
     </span>
     <span class='ocr_line' id='line_1_41' title="bbox 587 1993 1824 2050; baseline -0.002 -12"><span class='ocrx_word' id='word_1_225' title='bbox 587 1995 814 2050; x_wconf 87' lang='lat' dir='ltr'>proelium</span> <span class='ocrx_word' id='word_1_226' title='bbox 831 1996 1090 2038; x_wconf 88' lang='lat' dir='ltr'>Mutinense</span> <span class='ocrx_word' id='word_1_227' title='bbox 1114 1995 1255 2050; x_wconf 90' lang='lat' dir='ltr'>Alpes</span> <span class='ocrx_word' id='word_1_228' title='bbox 1279 1998 1562 2050; x_wconf 87' lang='lat' dir='ltr'>transgresso</span> <span class='ocrx_word' id='word_1_229' title='bbox 1587 1993 1824 2038; x_wconf 80' lang='lat' dir='ltr'>coniunxit</span> 
     </span>
     <span class='ocr_line' id='line_1_42' title="bbox 590 2053 1823 2109; baseline -0.002 -12"><span class='ocrx_word' id='word_1_230' title='bbox 590 2056 635 2097; x_wconf 86' lang='lat' dir='ltr'>et</span> <span class='ocrx_word' id='word_1_231' title='bbox 659 2054 776 2109; x_wconf 87' lang='lat' dir='ltr'>prid.</span> <span class='ocrx_word' id='word_1_232' title='bbox 800 2053 899 2098; x_wconf 88' lang='lat' dir='ltr'>Kal.</span> <span class='ocrx_word' id='word_1_233' title='bbox 929 2053 1081 2105; x_wconf 79' lang='lat' dir='ltr'>Quint.</span> <span class='ocrx_word' id='word_1_234' title='bbox 1106 2054 1252 2096; x_wconf 87' lang='lat' dir='ltr'>hostis</span> <span class='ocrx_word' id='word_1_235' title='bbox 1285 2053 1513 2097; x_wconf 88' lang='lat' dir='ltr'>iudicatus</span> <span class='ocrx_word' id='word_1_236' title='bbox 1550 2055 1635 2097; x_wconf 72' lang='lat' dir='ltr'>est.</span> <span class='ocrx_word' id='word_1_237' title='bbox 1679 2053 1823 2096; x_wconf 87' lang='lat' dir='ltr'>Paulo</span> 
     </span>
     <span class='ocr_line' id='line_1_43' title="bbox 587 2111 1823 2168; baseline -0.001 -12"><span class='ocrx_word' id='word_1_238' title='bbox 587 2116 694 2168; x_wconf 88' lang='lat' dir='ltr'>post</span> <span class='ocrx_word' id='word_1_239' title='bbox 719 2111 883 2155; x_wconf 87' lang='lat' dir='ltr'>Caesar</span> <span class='ocrx_word' id='word_1_240' title='bbox 908 2111 1187 2155; x_wconf 86' lang='lat' dir='ltr'>Octavianus</span> <span class='ocrx_word' id='word_1_241' title='bbox 1212 2126 1398 2155; x_wconf 90' lang='lat' dir='ltr'>causam</span> <span class='ocrx_word' id='word_1_242' title='bbox 1430 2111 1724 2168; x_wconf 88' lang='lat' dir='ltr'>optimatium</span> <span class='ocrx_word' id='word_1_243' title='bbox 1748 2112 1823 2155; x_wconf 85' lang='lat' dir='ltr'>de—</span> 
     </span>
     <span class='ocr_line' id='line_1_44' title="bbox 589 2169 1823 2226; baseline -0.001 -12"><span class='ocrx_word' id='word_1_244' title='bbox 589 2171 733 2214; x_wconf 89' lang='lat' dir='ltr'>seruit</span> <span class='ocrx_word' id='word_1_245' title='bbox 762 2170 1104 2225; x_wconf 89' lang='lat' dir='ltr'>Antoniumque</span> <span class='ocrx_word' id='word_1_246' title='bbox 1137 2170 1438 2226; x_wconf 78' lang='lat' dir='ltr'>etLepidum</span> <span class='ocrx_word' id='word_1_247' title='bbox 1468 2172 1516 2213; x_wconf 89' lang='lat' dir='ltr'>in</span> <span class='ocrx_word' id='word_1_248' title='bbox 1539 2169 1722 2213; x_wconf 89' lang='lat' dir='ltr'>Italiam</span> <span class='ocrx_word' id='word_1_249' title='bbox 1754 2183 1823 2213; x_wconf 90' lang='lat' dir='ltr'>ar·</span> 
     </span>
     <span class='ocr_line' id='line_1_45' title="bbox 590 2228 1822 2282; baseline -0.001 -9"><span class='ocrx_word' id='word_1_250' title='bbox 590 2228 798 2282; x_wconf 84' lang='lat' dir='ltr'>cessivit,</span> <span class='ocrx_word' id='word_1_251' title='bbox 846 2231 893 2273; x_wconf 83' lang='lat' dir='ltr'>et</span> <span class='ocrx_word' id='word_1_252' title='bbox 937 2243 1037 2272; x_wconf 91' lang='lat' dir='ltr'>cum</span> <span class='ocrx_word' id='word_1_253' title='bbox 1079 2228 1127 2281; x_wconf 85' lang='lat' dir='ltr'>Q.</span> <span class='ocrx_word' id='word_1_254' title='bbox 1169 2230 1310 2273; x_wconf 84' lang='lat' dir='ltr'>Pedio</span> <span class='ocrx_word' id='word_1_255' title='bbox 1350 2230 1510 2273; x_wconf 86' lang='lat' dir='ltr'>consul</span> <span class='ocrx_word' id='word_1_256' title='bbox 1549 2231 1728 2273; x_wconf 90' lang='lat' dir='ltr'>creatus</span> <span class='ocrx_word' id='word_1_257' title='bbox 1768 2228 1822 2272; x_wconf 93' lang='lat' dir='ltr'>X.</span> 
     </span>
     <span class='ocr_line' id='line_1_46' title="bbox 588 2287 1825 2343; baseline 0 -13"><span class='ocrx_word' id='word_1_258' title='bbox 588 2288 690 2332; x_wconf 84' lang='lat' dir='ltr'>Kal.</span> <span class='ocrx_word' id='word_1_259' title='bbox 726 2287 824 2332; x_wconf 91' lang='lat' dir='ltr'>Oct.</span> <span class='ocrx_word' id='word_1_260' title='bbox 852 2289 1140 2331; x_wconf 86' lang='lat' dir='ltr'>consulatum</span> <span class='ocrx_word' id='word_1_261' title='bbox 1165 2288 1293 2332; x_wconf 89' lang='lat' dir='ltr'>adiit.</span> <span class='ocrx_word' id='word_1_262' title='bbox 1351 2288 1526 2331; x_wconf 87' lang='lat' dir='ltr'>Deinde</span> <span class='ocrx_word' id='word_1_263' title='bbox 1554 2301 1667 2343; x_wconf 91' lang='lat' dir='ltr'>pace</span> <span class='ocrx_word' id='word_1_264' title='bbox 1698 2287 1825 2330; x_wconf 89' lang='lat' dir='ltr'>facta</span> 
     </span>
     <span class='ocr_line' id='line_1_47' title="bbox 589 2346 1825 2390; baseline -0.002 0"><span class='ocrx_word' id='word_1_265' title='bbox 589 2347 709 2390; x_wconf 87' lang='lat' dir='ltr'>inter</span> <span class='ocrx_word' id='word_1_266' title='bbox 751 2346 990 2390; x_wconf 84' lang='lat' dir='ltr'>Caesarem</span> <span class='ocrx_word' id='word_1_267' title='bbox 1037 2346 1343 2390; x_wconf 85' lang='lat' dir='ltr'>Octavianum</span> <span class='ocrx_word' id='word_1_268' title='bbox 1390 2349 1438 2390; x_wconf 88' lang='lat' dir='ltr'>et</span> <span class='ocrx_word' id='word_1_269' title='bbox 1482 2346 1732 2389; x_wconf 88' lang='lat' dir='ltr'>Antonium</span> <span class='ocrx_word' id='word_1_270' title='bbox 1778 2347 1825 2388; x_wconf 90' lang='lat' dir='ltr'>et</span> 
     </span>
     <span class='ocr_line' id='line_1_48' title="bbox 557 2379 1826 2462; baseline -0.001 -15"><span class='ocrx_word' id='word_1_271' title='bbox 557 2379 834 2462; x_wconf 55' lang='lat' dir='ltr'>{Lepidum,</span> <span class='ocrx_word' id='word_1_272' title='bbox 874 2405 997 2461; x_wconf 87' lang='lat' dir='ltr'>apud</span> <span class='ocrx_word' id='word_1_273' title='bbox 1027 2404 1306 2449; x_wconf 89' lang='lat' dir='ltr'>confluentes</span> <span class='ocrx_word' id='word_1_274' title='bbox 1345 2405 1467 2449; x_wconf 88' lang='lat' dir='ltr'>inter</span> <span class='ocrx_word' id='word_1_275' title='bbox 1504 2406 1738 2448; x_wconf 83' lang='lat' dir='ltr'>Perusiam</span> <span class='ocrx_word' id='word_1_276' title='bbox 1778 2406 1826 2447; x_wconf 91' lang='lat' dir='ltr'>et</span> 
     </span>
     <span class='ocr_line' id='line_1_49' title="bbox 558 2461 1824 2519; baseline -0.001 -14"><span class='ocrx_word' id='word_1_277' title='bbox 558 2463 561 2475; x_wconf 83' lang='lat'><strong>¹</strong></span> <span class='ocrx_word' id='word_1_278' title='bbox 590 2463 842 2507; x_wconf 85' lang='lat' dir='ltr'>Bononiam</span> <span class='ocrx_word' id='word_1_279' title='bbox 876 2477 1158 2518; x_wconf 81' lang='lat' dir='ltr'>congressOS,</span> <span class='ocrx_word' id='word_1_280' title='bbox 1201 2464 1427 2518; x_wconf 89' lang='lat' dir='ltr'>convenit,</span> <span class='ocrx_word' id='word_1_281' title='bbox 1459 2465 1513 2507; x_wconf 87' lang='lat' dir='ltr'>ut</span> <span class='ocrx_word' id='word_1_282' title='bbox 1540 2462 1632 2519; x_wconf 89' lang='lat' dir='ltr'>ipsi</span> <span class='ocrx_word' id='word_1_283' title='bbox 1661 2461 1824 2506; x_wconf 83' lang='lat' dir='ltr'>trium-</span> 
     </span>
     <span class='ocr_line' id='line_1_50' title="bbox 589 2521 1824 2578; baseline -0.002 -13"><span class='ocrx_word' id='word_1_284' title='bbox 589 2523 676 2565; x_wconf 81' lang='lat' dir='ltr'>viri</span> <span class='ocrx_word' id='word_1_285' title='bbox 706 2523 773 2566; x_wconf 89' lang='lat' dir='ltr'>rei</span> <span class='ocrx_word' id='word_1_286' title='bbox 803 2523 929 2578; x_wconf 88' lang='lat' dir='ltr'>publ.</span> <span class='ocrx_word' id='word_1_287' title='bbox 963 2523 1310 2566; x_wconf 84' lang='lat' dir='ltr'>constituendae</span> <span class='ocrx_word' id='word_1_288' title='bbox 1351 2535 1434 2578; x_wconf 90' lang='lat' dir='ltr'>per</span> <span class='ocrx_word' id='word_1_289' title='bbox 1465 2521 1824 2577; x_wconf 86' lang='lat' dir='ltr'>quinquennium</span> 
     </span>
     <span class='ocr_line' id='line_1_51' title="bbox 559 2579 1825 2637; baseline -0.002 -13"><span class='ocrx_word' id='word_1_290' title='bbox 559 2582 760 2635; x_wconf 59' lang='lat' dir='ltr'>{essent,</span> <span class='ocrx_word' id='word_1_291' title='bbox 809 2584 857 2624; x_wconf 90' lang='lat' dir='ltr'>et</span> <span class='ocrx_word' id='word_1_292' title='bbox 900 2583 953 2624; x_wconf 92' lang='lat' dir='ltr'>ut</span> <span class='ocrx_word' id='word_1_293' title='bbox 1001 2594 1106 2624; x_wconf 88' lang='lat' dir='ltr'>suos</span> <span class='ocrx_word' id='word_1_294' title='bbox 1145 2581 1338 2637; x_wconf 87' lang='lat' dir='ltr'>quisque</span> <span class='ocrx_word' id='word_1_295' title='bbox 1375 2580 1586 2623; x_wconf 87' lang='lat' dir='ltr'>inimicos</span> <span class='ocrx_word' id='word_1_296' title='bbox 1631 2579 1825 2635; x_wconf 84' lang='lat' dir='ltr'>proscri-</span> 
     </span>
     <span class='ocr_line' id='line_1_52' title="bbox 591 2637 1825 2694; baseline -0.002 -12"><span class='ocrx_word' id='word_1_297' title='bbox 591 2640 733 2683; x_wconf 86' lang='lat' dir='ltr'>beret.</span> <span class='ocrx_word' id='word_1_298' title='bbox 780 2638 944 2694; x_wconf 91' lang='lat' dir='ltr'>Itaque</span> <span class='ocrx_word' id='word_1_299' title='bbox 968 2640 1195 2682; x_wconf 86' lang='lat' dir='ltr'>Antonius</span> <span class='ocrx_word' id='word_1_300' title='bbox 1218 2640 1266 2682; x_wconf 90' lang='lat' dir='ltr'>in</span> <span class='ocrx_word' id='word_1_301' title='bbox 1299 2639 1579 2691; x_wconf 86' lang='lat' dir='ltr'>Ciceronem,</span> <span class='ocrx_word' id='word_1_302' title='bbox 1612 2637 1691 2693; x_wconf 89' lang='lat' dir='ltr'>qui</span> <span class='ocrx_word' id='word_1_303' title='bbox 1713 2639 1825 2681; x_wconf 90' lang='lat' dir='ltr'>urbe</span> 
     </span>
     <span class='ocr_line' id='line_1_53' title="bbox 591 2695 1828 2753; baseline -0.002 -13"><span class='ocrx_word' id='word_1_304' title='bbox 591 2698 752 2741; x_wconf 86' lang='lat' dir='ltr'>relicta</span> <span class='ocrx_word' id='word_1_305' title='bbox 776 2697 992 2746; x_wconf 79' lang='lat' dir='ltr'>Asturam</span> <span class='ocrx_word' id='word_1_306' title='bbox 1017 2698 1301 2753; x_wconf 84' lang='lat' dir='ltr'>confugerat,</span> <span class='ocrx_word' id='word_1_307' title='bbox 1325 2711 1612 2753; x_wconf 87' lang='lat' dir='ltr'>percussores</span> <span class='ocrx_word' id='word_1_308' title='bbox 1636 2695 1828 2739; x_wconf 88' lang='lat' dir='ltr'>immisit</span> 
     </span>
     <span class='ocr_line' id='line_1_54' title="bbox 591 2754 1825 2812; baseline 0 -14"><span class='ocrx_word' id='word_1_309' title='bbox 591 2757 873 2800; x_wconf 86' lang='lat' dir='ltr'>Herennium</span> <span class='ocrx_word' id='word_1_310' title='bbox 899 2756 1212 2799; x_wconf 86' lang='lat' dir='ltr'>centurionem</span> <span class='ocrx_word' id='word_1_311' title='bbox 1241 2758 1286 2799; x_wconf 92' lang='lat' dir='ltr'>et</span> <span class='ocrx_word' id='word_1_312' title='bbox 1310 2756 1369 2799; x_wconf 91' lang='lat' dir='ltr'>M.</span> <span class='ocrx_word' id='word_1_313' title='bbox 1395 2755 1625 2812; x_wconf 88' lang='lat' dir='ltr'>Popilium</span> <span class='ocrx_word' id='word_1_314' title='bbox 1650 2754 1825 2798; x_wconf 91' lang='lat' dir='ltr'>Laena-</span> 
     </span>
     <span class='ocr_line' id='line_1_55' title="bbox 559 2813 1824 2871; baseline -0.001 -14"><span class='ocrx_word' id='word_1_315' title='bbox 559 2820 564 2871; x_wconf 78' lang='grc' dir='ltr'>Ι</span> <span class='ocrx_word' id='word_1_316' title='bbox 590 2819 700 2868; x_wconf 88' lang='lat' dir='ltr'>tem,</span> <span class='ocrx_word' id='word_1_317' title='bbox 727 2828 755 2858; x_wconf 91' lang='lat' dir='ltr'>a</span> <span class='ocrx_word' id='word_1_318' title='bbox 772 2814 937 2870; x_wconf 85' lang='lat' dir='ltr'>quibus</span> <span class='ocrx_word' id='word_1_319' title='bbox 954 2814 1050 2858; x_wconf 88' lang='lat' dir='ltr'>VII.</span> <span class='ocrx_word' id='word_1_320' title='bbox 1069 2814 1131 2858; x_wconf 87' lang='lat' dir='ltr'>Id.</span> <span class='ocrx_word' id='word_1_321' title='bbox 1149 2815 1422 2858; x_wconf 86' lang='lat' dir='ltr'>Decembres</span> <span class='ocrx_word' id='word_1_322' title='bbox 1446 2813 1716 2858; x_wconf 87' lang='lat' dir='ltr'>interfectus</span> <span class='ocrx_word' id='word_1_323' title='bbox 1741 2814 1824 2857; x_wconf 90' lang='lat' dir='ltr'>est.</span> 
     </span>
    </p>
   </div>
   <div class='ocr_carea' id='block_1_15' title="bbox 558 2478 562 2590">
    <p class='ocr_par' dir='ltr' id='par_1_15' title="bbox 558 2478 562 2590">
     <span class='ocr_line' id='line_1_56' title="bbox 558 2478 562 2590; baseline 0 614"><span class='ocrx_word' id='word_1_324' title='bbox 558 2478 562 2590; x_wconf 95' lang='lat' dir='ltr'> </span> 
     </span>
    </p>
   </div>
   <div class='ocr_carea' id='block_1_16' title="bbox 559 2634 563 2819">
    <p class='ocr_par' dir='ltr' id='par_1_16' title="bbox 559 2634 563 2819">
     <span class='ocr_line' id='line_1_57' title="bbox 559 2634 563 2819; baseline 0 385"><span class='ocrx_word' id='word_1_325' title='bbox 559 2634 563 2819; x_wconf 95' lang='lat' dir='ltr'> </span> 
     </span>
    </p>
   </div>
   <div class='ocr_carea' id='block_1_17' title="bbox 1018 2907 1278 2911">
    <p class='ocr_par' dir='ltr' id='par_1_17' title="bbox 1018 2907 1278 2911">
     <span class='ocr_line' id='line_1_58' title="bbox 1018 2907 1278 2911; baseline 0 0"><span class='ocrx_word' id='word_1_326' title='bbox 1018 2907 1278 2911; x_wconf 95' lang='lat' dir='ltr'> </span> 
     </span>
    </p>
   </div>
  </div>
 </body>
</html>
