2075 3235
152 109 205 148 31
510 101 688 146 LIBER
719 102 753 147 I.
809 100 936 147 CAP.
970 105 1158 146 29—30.
1214 105 1237 154 ἕ
1270 106 1459 146 47-50.
1725 102 1827 153 147

89 233 112 278 f
153 225 355 276 carunt.
419 220 712 275 Commune
746 224 840 289 est,
883 221 1023 288 quod
1056 220 1301 273 homines
1335 220 1500 288 vulgo
1533 222 1831 289 probarunt

153 300 206 349 et
253 295 421 348 secuti
469 298 614 360 sunt,
661 294 990 347 huiusmodi:
1038 297 1098 345 ut
1142 293 1436 346 maioribus
1476 297 1609 346 natu
1649 295 1832 346 adsur-

153 373 328 440 gatur‚
358 372 418 420 ut
453 367 754 436 supplicum
779 367 1107 419 misereatur.
1157 368 1536 437 Approbatum
1562 372 1657 434 est,
1691 368 1831 436 quod

152 443 418 510 homineS,
465 459 584 493 cum
632 441 851 492 dubium
900 444 1062 507 esset,
1110 443 1266 510 quale
1314 441 1502 493 haberi
1543 444 1831 510 oporteret,

154 535 249 569 sua
302 515 694 569 constituerunt
761 515 1103 582 auctoritate,
1169 515 1316 567 velut
1373 514 1601 568 Gracchi
1661 515 1832 584 patris

152 590 356 642 factum
394 588 627 658 populus
667 588 943 640 Romanus
983 588 1124 656 †qui
1164 607 1283 640 eum
1328 589 1395 641 ob
1435 589 1491 641 id
1528 589 1731 641 factum
1771 606 1832 640 60

153 663 294 732 quod
349 663 607 715 insciente
655 662 866 731 collega
912 662 968 713 in
1017 680 1239 714 censura
1292 663 1429 714 nihil
1486 663 1655 732 gessit
1707 665 1834 732 post

153 755 430 790 censuram
485 736 758 788 consulem
805 735 946 788 fecit.
1034 734 1411 804 Comparabile
1461 738 1686 803 [autem]
1737 740 1833 805 est,

154 811 292 879 quod
333 811 390 862 in
429 811 588 862 rebus
622 809 845 861 diversis
880 809 1110 861 similem
1145 810 1381 878 aliquam
1414 810 1678 862 rationem
1712 829 1834 863 con-

153 884 305 936 tinet.
382 883 516 936 Eius
555 886 737 953 partes
779 886 904 935 sunt
943 886 1077 935 tres:
1124 883 1322 953 imagO‚
1372 884 1623 951 conlatio7
1663 903 1834 936 exem-

153 959 315 1027 plum.
392 957 582 1027 Imago
631 960 713 1009 est
762 958 933 1009 oratio
985 957 1359 1009 demonstrans
1409 976 1694 1027 corporum
1744 961 1836 1009 aut

151 1035 467 1083 naturarum
524 1030 945 1084 similitudinem.
1039 1029 1287 1084 Conlatio
1357 1034 1438 1083 est
1495 1032 1668 1084 oratio
1722 1050 1838 1083 rem

153 1124 272 1158 cum
335 1123 390 1157 re
453 1123 516 1157 ex
573 1104 920 1156 similitudine
975 1105 1266 1158 conferens
1357 1104 1683 1175 Exemplum
1739 1108 1837 1172 est,

155 1178 297 1247 quod
343 1196 458 1230 rem
507 1179 829 1231 auctoritate
878 1183 971 1231 aut
1018 1197 1145 1231 casu
1193 1179 1414 1231 alicuius
1468 1179 1702 1232 hominis
1745 1183 1838 1231 aut

153 1252 357 1320 negotii
412 1252 691 1304 confirmat
747 1256 840 1304 aut
893 1253 1144 1305 infirmat
1233 1251 1444 1305 Horum
1493 1254 1737 1322 exempla
1784 1257 1838 1305 et

155 1325 531 1394 discriptiones
590 1325 647 1378 in
700 1327 999 1395 praeceptis
1056 1326 1374 1379 elocutionis
1432 1330 1873 1399 cognoscentur.

153 1400 233 1452 Ac
293 1399 415 1451 fons
480 1399 692 1467 quidem
754 1400 1208 1468 confirmationis,
1270 1403 1331 1451 ut
1399 1399 1627 1453 facultas
1696 1402 1837 1469 tulit

154 1475 369 1542 apertus
411 1475 493 1524 est
531 1491 628 1525 nec
668 1472 843 1524 minus
885 1473 1128 1541 dilucide,
1171 1492 1331 1542 quam
1364 1475 1441 1526 rei
1471 1479 1667 1527 natura
1704 1474 1838 1527 fer-e

152 1547 262 1615 bat,
302 1546 702 1599 demonstratus
743 1550 847 1614 est3
888 1548 1336 1617 quemadmodum
1375 1552 1554 1601 autem
1597 1567 1837 1617 quaeque

154 1620 469 1673 constitutio
525 1623 578 1672 et
630 1639 756 1689 pars
813 1622 1217 1674 constitutionis
1274 1625 1327 1674 et
1391 1623 1564 1675 omnis
1629 1626 1839 1675 contro-

153 1694 357 1760 versia,
419 1694 530 1746 sive
592 1694 650 1746 in
700 1694 910 1747 ratione
966 1696 1076 1748 sive
1137 1695 1193 1747 in
1256 1695 1456 1766 scripto
1519 1697 1839 1764 versabitur,

153 1767 379 1821 tractari
427 1767 619 1820 debeat
670 1771 724 1819 et
765 1787 899 1836 quae
939 1769 996 1821 in
1036 1788 1301 1838 quamque
1342 1770 1838 1840 argumentationes

155 1841 498 1910 conveniant,
554 1842 873 1911 singillatim
913 1844 970 1895 in
1010 1843 1238 1896 secundo
1278 1844 1419 1896 libro
1460 1845 1523 1896 de
1563 1863 1667 1897 uno
1710 1863 1838 1913 quo-

156 1934 256 1985 que
305 1933 498 1986 genere
547 1915 797 1968 dicemus,
872 1916 938 1969 In
983 1917 1292 1987 praesentia
1329 1918 1703 1970 tantummodo
1743 1937 1838 1970 nu-

34 1983 39 1993 ’
111 2005 331 2043 51116105
391 1992 445 2042 et
493 1989 680 2042 modos
731 1994 783 2042 et
829 1994 1012 2060 partes
1063 1992 1474 2061 argumentandi
1523 1992 1739 2045 confuse
1788 1996 1842 2044 et

155 2063 466 2133 permixtim
522 2063 891 2134 dispersimus3
953 2069 1079 2134 post
1134 2065 1388 2135 discripte
1445 2069 1499 2118 et
1554 2067 1720 2118 electe
1782 2066 1840 2118 in

158 2155 324 2208 genus
366 2137 610 2206 quodque
652 2156 856 2208 causae,
901 2139 1027 2208 quid
1070 2139 1258 2208 cuique
1299 2140 1596 2208 conveniat,
1637 2159 1699 2192 ex
1738 2140 1840 2192 hac

156 2212 310 2281 copia
349 2211 664 2281 digeremus.

303 2286 484 2354 Atque
529 2286 758 2338 inveniri
806 2286 1017 2355 quidem
1068 2287 1240 2340 omnis
1282 2306 1345 2340 ex
1384 2288 1469 2340 his
1511 2288 1642 2341 locis
1685 2306 1838 2358 argu-

156 2359 417 2413 mentatio
456 2359 679 2429 poterit:
719 2359 939 2412 inventa
980 2362 1225 2414 exornari
1258 2365 1312 2414 et
1349 2365 1521 2414 certas
1561 2362 1617 2413 in
1655 2366 1837 2432 partes

156 2433 416 2504 distingui
471 2436 524 2485 et
570 2433 949 2486 suavissimum
996 2438 1078 2487 est
1126 2438 1180 2488 et
1228 2454 1432 2488 summe
1478 2436 1840 2489 necessarium

156 2512 210 2561 et
266 2509 332 2561 ab
388 2507 521 2559 artis
577 2508 930 2576 scriptoribus
977 2509 1209 2561 maxime
1255 2510 1576 2579 neglectum.
1662 2509 1837 2571 Quare

157 2585 210 2634 et
251 2582 313 2634 de
352 2600 414 2634 ea
452 2581 828 2650 praeceptione
872 2582 1028 2635 nobis
1070 2586 1123 2635 et
1162 2583 1218 2634 in
1256 2584 1359 2636 hoc
1398 2584 1516 2636 loco
1557 2583 1838 2636 dicendum

154 2656 331 2708 visum
357 2658 453 2721 est,
478 2659 539 2707 ut
565 2655 632 2707 ad
656 2655 1019 2709 inventionem
1047 2658 1460 2740 argumentandi
1483 2658 1624 2710 ratio
1652 2658 1837 2741 adiun-

153 2804 238 2856 nis
272 2802 686 2857 considerandus
727 2807 822 2871 est,
863 2805 1004 2873 quod
1043 2804 1121 2856 rei
1152 2823 1263 2857 11011
1295 2806 1469 2858 50111111
1502 2823 1702 2876 magna
1733 2806 1836 2858 uti-

155 2879 283 2931 litas
332 2880 436 2946 est,
485 2877 576 2929 sed
622 2876 983 2947 praecipiendi
1032 2896 1241 2947 quoque
1281 2897 1492 2932 summa
1532 2880 1835 2933 ditmficultas

1391 2965 1474 3009 10*

1867 754 1921 793 49

1872 2303 1927 2344 50
