2080 3204
451 97 630 141 LIBER
662 93 738 142 111'.
794 98 922 144 cAP.
956 85 1167 144 22-24.‘
1200 104 1224 153 ξ
1258 105 1445 144 35—39.
1719 101 1789 154 63

111 221 172 271 ut
206 218 297 285 [si]
331 218 541 270 coronis
577 221 670 270 aut
702 222 850 270 veste
881 236 1166 287 purpurea,
1207 236 1311 286 quo
1351 219 1512 272 nobis
1551 221 1790 273 notatior

113 292 184 344 sit
217 290 555 358 -similitud03
619 295 712 343 aut
765 293 811 343 si
864 310 968 360 qua
1018 308 1075 343 re
1132 291 1576 358 deformabimuS,
1628 297 1689 344 ut
1743 295 1789 346 si

111 367 387 417 cruentam
435 367 529 416 aut
583 383 747 417 caeno
803 365 1031 417 oblitam
1084 368 1178 417 aut
1224 365 1439 418 rubrica
1494 366 1790 419 delibutam

111 437 440 505 inducamuS,
474 455 578 505 quo
604 438 777 507 magis
804 438 1062 506 insignita
1096 438 1166 489 sit
1197 437 1387 506 forma,
1421 443 1513 491 aut
1537 439 1788 492 ridiculas

67 524 87 556 5
112 529 196 563 res
237 510 446 578 aliquas
487 511 814 580 imaginibus
856 511 1240 563 attribuamus:
1280 530 1406 564 nam
1447 531 1508 564 ea
1539 530 1623 564 res
1665 531 1789 581 quo-

112 601 213 652 que
237 583 415 652 faciet,
448 587 508 636 ut
540 584 750 637 facilius
784 584 1091 637 meminisse
1124 585 1410 653 possimus,
1464 585 1624 652 Nam,
1657 605 1788 655 quas

109 666 195 708 re's
228 675 382 709 veras
415 657 572 710 facile
599 659 954 724 meminimus,
989 658 1202 710 easdem
1235 658 1389 710 fictas
1424 662 1477 711 et
1504 659 1790 728 diligenter

110 733 326 782 notatas
366 731 671 783 meminisse
711 749 816 784 non
859 731 1077 783 difficile
1119 736 1213 784 est.
1292 729 1393 784 Sed
1440 733 1577 784 illud
1614 734 1789 785 facere

112 804 400 872 oportebit,
424 809 485 856 ut
508 804 798 857 identidem
824 806 1026 874 primos
1054 822 1292 887 quosque
1319 806 1505 857 locos
1491 807 1789 876 imaginum

45 891 84 922 10
109 877 539 930 renovandarum
572 896 732 930 causa
771 879 1016 930 celeriter
1056 878 1236 930 auimo
1276 896 1648 948 pervagemus

259 949 379 1003 Scio
418 952 703 1020 plerosque
746 950 995 1020 GraeCOS,
1037 952 1128 1019 qui
1168 951 1231 1003 de
1274 952 1532 1003 memoria
1565 953 1787 1021 scripse·

108 1028 256 1092 runt,
307 1023 522 1092 fecisse,
576 1029 637 1077 ut
683 1026 978 1077 multorum
1029 1025 1315 1077 verborum
1362 1025 1627 1096 imagines
1668 1044 1787 1078 con-

111 1066 421 1165 scriberent,
454 1102 513 1150 ut
545 1098 598 1166 ii,
633 1099 724 1167 qui
757 1098 989 1151 ediscere
1016 1099 1236 1167 vellent,
1268 1103 1488 1167 paratas
1512 1099 1789 1166 haberent,

108 1189 174 1223 ne
216 1171 341 1240 quid
387 1172 444 1223 in
491 1172 792 1240 quaerendo
842 1175 1217 1224 consumerent
1265 1190 1473 1241 operae.
1551 1172 1789 1233 Quorum

42 1257 82 1290 15
109 1245 373 1297 rationem
406 1245 614 1314 aliquot
647 1245 709 1297 de
737 1245 910 1298 causis
943 1246 1334 1314 improbamus:
1366 1246 1614 1314 primum,
1648 1247 1789 1314 quod

107 1320 163 1370 in
195 1318 482 1370 verborum
508 1319 984 1373 innumerabilium
1010 1319 1355 1370 multitudine
1389 1323 1471 1371 est
1502 1319 1788 1372 ridiculum

108 1392 256 1444 mille
288 1392 576 1445 verborum
608 1392 874 1462 imagines
901 1410 1229 1461 comparare.
1294 1391 1621 1453 Quantulum
1647 1393 1788 1444 enim

106 1468 364 1534 poterunt
403 1466 535 1518 haec
574 1467 767 1532 valere,
808 1483 928 1517 cum
970 1484 1032 1518 ex
1071 1466 1284 1518 infinita
1315 1466 1601 1518 verborum
1635 1466 1789 1534 copia

106 1539 266 1592 modo
308 1539 454 1591 aliud
492 1539 650 1591 modo
700 1539 846 1591 aliud
885 1557 983 1591 nos
1025 1540 1248 1591 verbum
1288 1539 1595 1592 meminisse
1636 1557 1788 1608 opor-

43 1625 84 1657 20
108 1613 281 1665 tebit?
358 1612 564 1665 Deinde
605 1631 697 1665 cur
736 1613 981 1665 volumus
1032 1613 1099 1665 ab
1150 1613 1419 1665 industria
1466 1631 1787 1681 quemquam

89 1704 405 1753 removere,
459 1690 520 1738 ut
572 1704 639 1738 ne
692 1686 818 1754 quid
864 1687 980 1755 ipse
1029 1690 1274 1754 quaerat,
1327 1705 1427 1738 nos
1477 1686 1561 1737 illi
1608 1686 1787 1738 omnia

107 1763 299 1829 parata
326 1763 486 1828 atque
513 1759 756 1828 quaesita
780 1760 1094 1812 tradamus?
1127 1759 1415 1812 Praeterea
1439 1759 1785 1812 similitudine
1811 1787 1816 1790 ⁴

108 1833 215 1885 alia
248 1833 382 1900 alius
416 1834 590 1902 magis
624 1836 1005 1886 commovetur.
1075 1831 1219 1885 Nam
1251 1836 1311 1884 ut
1344 1841 1518 1901 saepe,
1556 1832 1786 1904 formam

109 1907 154 1958 si
195 1925 355 1975 quam
397 1907 628 1959 similem
670 1907 905 1976 cuipiam
945 1907 1234 1958 dixerimus
1277 1924 1412 1973 esse,
1452 1924 1561 1958 non
1601 1924 1785 1958 omnes

41 1992 83 2026 25
107 1980 368 2033 habemus
410 1980 748 2047 adsensoreS,
789 1981 931 2048 quod
971 1980 1063 2032 alii
1101 1980 1312 2032 videtur
1353 1980 1515 2047 aliud,
1553 1979 1684 2031 item
1722 1980 1786 2031 fit

109 2053 598 2124 [inJ-imaginibus,
637 2057 724 2121 ut,
773 2072 908 2122 quae
946 2053 1103 2106 nobis
1144 2053 1432 2122 diligenter
1469 2055 1661 2105 notata
1700 2053 1784 2120 sit,

108 2145 170 2180 ea
208 2145 399 2196 parum
431 2127 676 2180 videatur
706 2127 936 2196 insignis
970 2127 1106 2180 aliis,
1172 2127 1346 2188 Quare
1381 2127 1485 2179 sibi
1519 2144 1782 2195 quemque
1815 2142 1870 2182 39

108 2218 202 2253 suo
237 2201 517 2253 commodo
544 2202 793 2253 convenit
815 2201 1081 2270 imagines
1107 2218 1433 2269 comparare.
1501 2199 1782 2252 Postremo

1807 923 1876 974 23

1822 997 1877 1036 38

106 2274 468 2342 praeceptoris
502 2278 584 2326 est
617 2274 819 2341 docere,
853 2274 1304 2342 quemadmodum
1339 2274 1525 2343 quaeri
1551 2273 1782 2355 quidque

41 2361 81 2394 30
107 2348 412 2415 conveniat,
454 2351 507 2400 et
546 2366 711 2399 unum
757 2348 974 2415 aliquod
1015 2351 1107 2400 aut
1146 2348 1399 2415 alterum,
1439 2364 1547 2413 non
1587 2346 1781 2411 omnia,

107 2438 242 2489 quae
282 2420 394 2473 eius
436 2412 646 2490 generis
687 2425 866 2489 erunt,
907 2422 1134 2489 exempli
1176 2439 1336 2473 causa
1377 2389 1636 2486 subicere,
1678 2437 1781 2486 quo
1833 2430 1836 2433 ⁴

106 2512 191 2546 res
232 2494 405 2562 possit
444 2511 559 2546 esse
607 2463 902 2547 dilucidior.
980 2493 1132 2555 Quod
1181 2511 1348 2563 genus
1394 2511 1513 2545 cum
1561 2492 1624 2543 de
1663 2510 1782 2560 pro-

108 2568 293 2620 oemiis
336 2567 650 2635 quaerendis
693 2567 1046 2637 disputamus,
1087 2568 1354 2619 rationem
1396 2566 1584 2617 damus
1625 2583 1781 2633 quae-

108 2640 280 2709 rendi,
333 2658 442 2693 non
497 2641 644 2692 mille
692 2641 1090 2710 prooemiorum
1140 2657 1336 2709 genera
1383 2638 1783 2706 conscribimUS,

41 2729 83 2762 35
106 2715 237 2767 item
279 2714 606 2766 arbitramur
645 2711 708 2766 de
747 2714 1075 2783 imaginibus
1115 2714 1231 2765 fieri
1272 2713 1566 2765 convenire.

255 2787 432 2856 Nunc,
482 2805 548 2839 ne
594 2786 732 2839 forte
785 2788 1068 2839 verborum
1116 2786 1430 2839 memoriam
1478 2788 1569 2838 aut
1618 2784 1779 2836 nimis
1799 2784 1869 2835 24

109 2861 388 2914 difficilem
422 2865 513 2913 aut
551 2878 743 2930 parum
782 2860 970 2912 utilem
1011 2861 1285 2929 arbitrere,
1324 2860 1564 2929 ipsarum
1603 2876 1779 2933 rerum
