2075 3235
190 158 242 197 17
541 151 721 194 LIBER
750 151 781 195 1.
849 150 1194 195 CAP.17-18.
1261 156 1505 204 §23—25.
1765 153 1870 205 133

187 273 243 324 in
290 270 651 324 defensionem
693 273 746 323 et
787 271 958 323 dicere
999 289 1082 337 ea,
1129 289 1263 339 quae
1302 271 1649 340 indignentur
1690 272 1870 324 adver-

191 346 334 413 sarii,
372 344 474 397 tibi
514 362 724 412 quoque
764 344 988 414 indigna
1019 344 1210 396 videri:
1252 344 1455 412 deinde,
1497 363 1616 397 cum
1655 345 1871 397 lenieris

189 438 325 486 eum,
366 418 455 487 qui
497 418 690 484 audiet,
733 418 1115 484 demonstrare,
1155 418 1292 469 nihil
1334 436 1519 470 eorum
1558 418 1625 470 ad
1665 422 1718 470 te
1758 437 1873 487 per-

188 493 359 544 tinere
415 495 469 543 et
524 509 723 561 negare
777 495 830 543 te
897 491 1183 559 quicquam
1247 491 1309 543 de
1373 491 1694 544 adversariis
1759 510 1874 543 esse

143 579 165 611 5
190 566 473 632 dicturum,
511 583 683 647 neque
715 565 817 617 hoc
846 583 1017 633 neque
1054 565 1202 632 illud,
1241 568 1303 616 ut
1341 583 1514 633 neque
1556 569 1737 632 aperte
1770 566 1873 617 lae-

190 639 284 692 das
325 657 438 707 eOS,
487 639 578 720 qui
618 638 935 707 diliguntur,
984 641 1037 690 et
1076 641 1259 690 tamen
1298 638 1352 690 id
1393 638 1617 691 obscure
1657 638 1876 705 facienS,

190 712 364 781 quoad
395 712 588 781 possiS,
629 712 827 764 alienes
862 712 929 763 ab
971 712 1047 763 eis
1082 712 1388 785 auditorum
1420 713 1779 780 voluntatem3
1822 716 1875 763 et

190 786 494 854 aliquorum
527 785 781 837 iudicium
803 785 980 836 simili
1014 785 1076 837 de
1109 804 1177 847 13
1200 788 1292 837 aut
1333 786 1712 838 auctoritatem
1752 804 1876 867 pro-

187 859 328 911 ferre
367 859 669 911 imitatione
710 859 954 928 dignam3
1003 850 1191 910 deinde
1233 859 1456 911 eandem
1497 863 1589 911 aut
1630 859 1875 912 consimi-

123 948 166 979 10
189 934 297 985 lem
345 936 438 985 aut
480 933 742 984 maiorem
788 935 880 985 aut
919 932 1182 984 minorem
1225 933 1315 1002 agi
1355 950 1467 985 rem
1509 933 1566 984 in
1604 933 1877 1001 praesenti

191 1006 616 1059 demonstrare.
614 1042 617 1065 ‚
660 1005 754 1058 Sin
808 1006 983 1058 oratio
1041 1006 1473 1058 adversariorum
1523 1006 1684 1058 fidem
1734 1006 1876 1057 vide-

189 1080 336 1132 bitur
378 1068 711 1132 auditoribus
752 1079 941 1132 fecisse
971 1110 1041 1140 ,-
1077 1080 1132 1131 id
1173 1080 1314 1148 quod
1355 1080 1416 1147 ei,
1458 1080 1550 1148 qui
1587 1080 1878 1149 intellegit,

192 1154 384 1223 quibus
425 1154 586 1206 rebus
625 1153 756 1205 fides
796 1154 907 1221 fiat,
945 1153 1104 1206 facile
1146 1154 1248 1205 erit
1291 1154 1511 1223 cognitu
1549 1183 1622 1190 —-
1663 1157 1877 1222 oportet

119 1281 123 1283 ,
191 1231 284 1279 aut
325 1227 387 1279 de
429 1245 513 1294 eo,
562 1227 704 1295 quod
744 1227 1036 1278 adversarii
1075 1227 1445 1279 firmissimum
1488 1228 1593 1279 sibi
1632 1228 1878 1294 putarint

124 1314 166 1346 15
191 1304 245 1353 et
275 1300 506 1353 maxime
539 1300 592 1367 ii,
626 1300 716 1368 qui
750 1300 980 1367 audient,
1020 1300 1319 1369 probarint,
1359 1301 1593 1368 primum
1626 1305 1679 1352 te
1714 1301 1878 1352 dictu-

190 1393 310 1426 rum
348 1374 615 1442 polliceri,
664 1376 756 1425 aut
805 1375 872 1426 ab
921 1373 1217 1426 adversarii
1258 1375 1399 1426 dicto
1441 1374 1675 1426 exordiri
1716 1378 1768 1426 et
1810 1375 1877 1425 ab

191 1466 252 1500 eo
293 1447 649 1516 potissimum,
691 1447 832 1516 quod
870 1447 963 1499 ille
1002 1448 1308 1516 nuperrime
1350 1448 1556 1515 dixerit,
1598 1450 1691 1499 aut
1731 1448 1880 1499 dubi-

190 1521 395 1573 tatione
445 1521 547 1588 uti,
603 1520 729 1588 quid
782 1521 1017 1589 primum
1065 1516 1228 1573 dicas'
1263 1524 1356 1573 aut
1404 1521 1488 1573 cui
1533 1522 1880 1590 potissimum

190 1596 309 1648 loco
349 1595 691 1663 respondeaS,
731 1612 852 1646 cum
893 1595 1263 1647 admiratione.
1335 1594 1479 1646 Nam
1516 1595 1728 1647 auditor
1760 1614 1880 1647 cum

127 1683 169 1715 20
195 1687 332 1735 eum,
382 1686 540 1736 quem
594 1668 887 1720 adversarii
932 1669 1312 1737 perturbatum
1358 1669 1572 1737 putavit
1621 1669 1880 1734 oratione,

190 1742 337 1795 videt
387 1741 566 1794 animo
613 1741 924 1793 firmissimo
973 1745 1162 1794 contra
1217 1742 1389 1794 dicere
1443 1746 1717 1810 paratum,
1770 1743 1880 1811 ple-

191 1833 416 1884 rumque
458 1833 513 1867 se
552 1816 734 1884 potius
775 1818 976 1867 temere
1017 1815 1331 1882 adsensisse,
1374 1834 1535 1884 quam
1570 1817 1725 1868 illum
1747 1816 1880 1867 {sine

192 1889 657 1957 causassconfidere
698 1889 1010 1941 arbitratur.
1079 1887 1174 1941 Sin
1214 1889 1475 1941 auditoris
1517 1890 1756 1942 studium
1798 1889 1881 1941 de-

190 1963 446 2032 fatigatio
481 1962 807 2014 abalienavit
840 1982 872 2014 a
902 1981 1078 2031 causa,
1111 1966 1165 2015 te
1197 1963 1430 2031 breviUS,
1465 1982 1626 2031 quam
1657 1966 1880 2032 paratus

127 2037 381 2101 25133113,
435 2053 551 2087 esse
608 2035 875 2088 dicturum
934 2036 1274 2089 commodum
1323 2041 1406 2089 est
1452 2038 1718 2106 polliceri,
1771 2055 1881 2089 non

193 2111 533 2162 imitaturum
580 2109 961 2162 adversarium.
1042 2108 1137 2162 Sin
1183 2129 1268 2163 res
1322 2111 1494 2178 dabit,
1535 2130 1651 2163 11011
1688 2111 1880 2163 inutile

195 2187 278 2236 est
333 2183 400 2235 ab
455 2182 636 2251 aliqua
689 2201 747 2235 re
793 2202 935 2237 nova
983 2188 1076 2236 aut
1122 2184 1348 2237 ridicula
1393 2185 1628 2254 incipere
1678 2188 1770 2236 aut
1819 2202 1883 2235 ex

194 2261 438 2325 tempore
472 2274 607 2324 quae
637 2260 768 2309 nata
807 2258 894 2326 sit,
935 2258 1077 2327 quod
1118 2276 1287 2328 genus
1322 2259 1552 2327 strepitu
1590 2261 1682 2310 aut
1716 2258 1882 2310 accla-

196 2332 455 2397 matione3
504 2333 596 2382 aut
634 2330 745 2382 iam
783 2335 997 2400 parata,
1046 2351 1181 2401 quae
1220 2333 1307 2384 vel
1348 2333 1642 2402 apologum
1682 2332 1766 2384 vel
1805 2331 1882 2383 fa-

130 2419 172 2450 30
196 2404 382 2456 bulam
435 2403 521 2456 vel
576 2403 813 2472 aliquam
861 2406 1137 2458 contineat
1182 2406 1518 2473 inrisionem3
1574 2409 1667 2457 aut
1714 2405 1760 2456 si
1805 2404 1884 2456 rei

198 2477 434 2547 dignitas
475 2471 715 2542 adimet
714 2478 926 2530 iocandi
962 2479 1298 2547 facultatem,
1339 2479 1542 2547 aliquid
1580 2478 1753 2546 triste,
1791 2497 1883 2530 no-

197 2569 348 2618 vum,
386 2550 648 2603 horribile
690 2552 921 2618 [statim]
962 2572 1074 2605 non
1112 2553 1511 2605 incommodum
1553 2556 1635 2604 est
1673 2553 1886 2605 inicere.

197 2623 362 2692 Nam,
407 2626 468 2675 ut
508 2623 612 2676 cibi
652 2625 873 2677 satietas
915 2630 968 2678 et
1006 2626 1286 2678 fastidium
1327 2629 1420 2678 aut
1460 2627 1750 2679 subamara
1789 2627 1882 2678 ali-

197 2716 304 2766 qua
350 2715 406 2749 re
445 2697 716 2750 relevatur
756 2702 850 2750 aut
890 2700 1031 2753 dulci
1070 2700 1373 2768 mitigatur,
1422 2700 1497 2753 sic
1546 2700 1756 2752 animus
1798 2700 1882 2751 de-

131 2785 173 2817 35
197 2771 371 2823 fessus
420 2769 681 2823 audiendo
737 2775 830 2824 aut
878 2774 1234 2826 admiratione
1281 2774 1586 2844 integratur
1633 2777 1726 2827 aut
1771 2773 1883 2825 risu

197 2848 450 2907 novatur

1909 1010 1965 1050 25

344 2907 425 2971 Ac
473 2918 766 2987 separatim
815 2920 1052 2988 quidem,
1109 2939 1243 2990 quae
1299 2921 1361 2973 de
1407 2921 1672 2992 principio
1721 2924 1774 2972 et
1821 2919 1882 2971 de
1904 2919 1970 2971 18
