2080 3204
486 112 668 156 LIBER
697 111 777 159 III.
841 112 971 158 CAP.
1004 117 1132 158 2—3.
1197 118 1222 166 ἓ
1254 118 1384 156 2—4.
1709 116 1781 167 45

93 235 395 287 honestam.
473 233 613 284 Tuta
655 236 757 300 est,
800 252 936 301 quae
977 233 1192 286 conficit
1230 233 1486 285 instantis
1530 237 1623 285 aut
1662 252 1782 286 con-

97 307 366 376 sequentis
407 306 631 375 periculi
680 307 1001 359 vitationem
1043 307 1285 375 qualibet
1331 307 1557 359 ratione.
1636 306 1782 360 Haec

96 380 354 433 tribuitur
391 380 449 431 in
485 380 595 431 vim
629 383 682 431 et
715 379 913 449 dolum,
954 399 1181 448 quorum
1223 381 1455 432 alterum
1490 380 1782 449 separatim

98 457 192 507 aut
244 457 533 521 utrumque
590 471 859 506 sumemus
921 454 1218 506 coniuncte.
1304 453 1403 506 Vis
1460 453 1783 506 discernitur

51 543 194 596 5per
244 528 532 595 exercitUS,
587 528 810 594 classeS,
867 546 1038 596 arma,
1090 530 1387 595 tormenta,
1442 527 1782 580 evocationes

98 600 376 653 hominum
427 604 480 653 et
528 601 663 653 alias
703 570 1038 653 huiiismodi
1059 619 1158 654 r.es
1235 600 1408 653 Dolus
1451 601 1784 653 consumitur

96 675 154 726 in
184 675 424 743 pecunia,
464 675 875 743 pollicitatione,
919 674 1365 743 dissimulatione,
1405 674 1785 741 maturatione,

97 748 369 800 mentione
421 752 475 800 et
526 749 717 801 ceteris
766 749 941 800 rebus
1026 747 1107 800 De
1157 749 1350 816 quibus
1399 749 1560 800 rebus
1609 748 1784 818 magis

96 822 289 875 idoneo
322 825 563 890 tempore
595 823 893 890 loquemur,
928 822 974 874 si
1006 822 1217 890 quando
1254 822 1316 874 de
1350 840 1406 874 re
1432 823 1658 874 militari
1691 824 1786 874 aut

33 911 77 944 10
100 897 164 949 de
190 896 658 948 administratione
692 895 769 947 rei
801 896 1050 964 publicae
1085 896 1318 948 scribere
1352 896 1613 948 volemus
1676 894 1787 947 Ho-

96 972 254 1022 nesta
293 987 379 1021 res
429 969 683 1022 dividitur
731 969 788 1021 in
834 974 1040 1022 rectum
1089 972 1142 1021 et
1190 969 1479 1021 laudabile.
1558 969 1788 1022 Rectum

99 1047 204 1112 est,
255 1043 399 1112 quod
438 1062 559 1096 cum
607 1043 809 1095 virtute
858 1046 912 1095 et
961 1043 1136 1095 officio
1177 1043 1254 1096 fit.
1332 1043 1394 1095 Id
1436 1043 1692 1095 dividitur
1731 1042 1788 1094 in

97 1117 459 1186 prudentiam,
499 1117 783 1185 iustitiam,
823 1117 1214 1185 fortitudinem,
1255 1116 1595 1169 modestiam.
1659 1117 1788 1169 Pru-

100 1191 281 1243 dentia
344 1194 427 1243 est
490 1191 782 1257 calliditaS,
849 1209 984 1259 quae
1040 1191 1250 1242 ratione
1314 1191 1547 1258 quadam
1607 1193 1790 1260 potest

34 1280 76 1312 15
101 1265 357 1317 dilectum
395 1264 594 1316 habere
635 1265 902 1316 bonorum
943 1268 997 1317 et
1037 1265 1318 1316 malorum.
1396 1264 1611 1317 Dicitur
1658 1265 1790 1316 item

98 1338 384 1409 prudentia
411 1338 637 1390 scientia
662 1338 937 1390 cuiusdam
972 1338 1187 1390 artificii
1221 1341 1274 1390 et
1309 1338 1637 1407 [appellatur
1669 1357 1791 1407 pru-

100 1412 305 1478 dentia]
347 1430 526 1464 rerum
560 1412 856 1464 multarum
889 1412 1151 1464 memoria
1184 1415 1238 1464 et
1270 1430 1398 1464 usus
1433 1412 1792 1481 complurium

98 1486 456 1556 negotiorum.
533 1485 752 1538 Iustitia
792 1489 874 1538 est
915 1486 1160 1554 aequitas
1208 1486 1290 1537 ius
1332 1486 1425 1537 uni
1474 1486 1662 1554 cuique
1713 1485 1792 1537 rei

101 1560 347 1612 tribuens
387 1578 485 1628 pro
529 1560 795 1629 dignitate
829 1560 1100 1628 cuiusque.
1170 1558 1455 1612 Fortitudo
1491 1563 1573 1612 est
1612 1578 1793 1611 rerum

35 1649 78 1680 20
103 1651 423 1702 magnarum
474 1634 737 1702 appetitio
789 1637 842 1685 et
894 1652 1073 1686 rerum
1121 1634 1411 1685 humilium
1460 1633 1791 1700 contemptio

104 1711 158 1760 et
197 1707 402 1760 laboris
444 1725 561 1759 cum
605 1707 863 1759 utilitatis
904 1707 1112 1760 ratione
1153 1707 1448 1776 perpessiO.
1525 1707 1794 1759 Modestia

105 1785 187 1834 est
227 1781 286 1832 in
325 1781 503 1833 animo
544 1781 824 1833 continens
867 1781 1164 1834 moderatio
1214 1781 1588 1850 cupiditatum.
1665 1780 1793 1832 Pru-

104 1855 317 1908 dentiae
355 1855 604 1923 partibus
644 1858 860 1907 utemur
898 1855 956 1907 in
996 1855 1234 1923 dicendo,
1275 1855 1321 1906 si
1354 1854 1634 1907 commoda
1675 1873 1795 1906 cum

103 1928 458 1982 incommodis
516 1927 874 1996 conferemUS,
930 1947 1051 1982 cum
1108 1929 1340 1981 alterum
1396 1929 1568 1997 sequi,
1623 1928 1795 1980 vitare

39 2018 81 2050 25
107 2004 335 2056 alterum
384 2002 756 2069 cohortemur,
804 2005 897 2055 aut
946 2003 992 2054 si
1043 2021 1147 2071 qua
1194 2003 1252 2054 in
1290 2021 1347 2055 re
1389 2002 1796 2055 cohortabimur

107 2077 328 2146 aliquid,
368 2076 517 2129 cuius
556 2077 636 2128 rei
675 2077 912 2145 aliquam
956 2077 1298 2144 disciplinam
1341 2079 1458 2143 [aut
1492 2076 1795 2142 scientiam]

105 2151 406 2221 poterimus
446 2150 660 2218 habere,
702 2169 806 2219 quo
847 2151 1008 2203 modo
1051 2153 1144 2203 aut
1183 2170 1288 2219 qua
1322 2150 1554 2219 quidque
1587 2150 1797 2202 ratione

105 2225 224 2277 fieri
263 2227 537 2293 oporteat,
577 2228 671 2277 aut
710 2225 757 2276 si
797 2225 1141 2277 suadebimus
1177 2225 1482 2294 quippiam,
1530 2224 1679 2277 cuius
1720 2224 1799 2275 rei

111 2302 295 2368 gestae
337 2301 430 2350 aut
469 2301 809 2367 praesentem
861 2302 954 2351 aut
1004 2298 1244 2351 auditam
1292 2298 1610 2350 memoriam
1651 2300 1800 2366 pote-

42 2387 85 2419 30
109 2373 277 2424 rimus
302 2372 517 2440 habere,
550 2390 655 2440 qua
678 2373 736 2424 in
759 2391 817 2425 re
840 2372 1000 2426 facile
1024 2373 1093 2441 id,
1121 2373 1261 2440 quod
1287 2373 1528 2440 velimus,
1554 2372 1798 2440 exemplo

111 2446 294 2498 adlato
315 2446 638 2515 persuadere
663 2464 966 2514 possumus.
1022 2446 1272 2499 Iustitiae
1297 2446 1545 2514 partibus
1570 2449 1800 2513 utemur,

111 2520 158 2572 si
198 2523 292 2572 aut
337 2519 708 2572 innocentium
755 2524 848 2572 aut
897 2520 1223 2588 supplicium
1272 2519 1517 2571 misereri
1565 2519 1800 2571 dicemus

112 2596 389 2663 oportere3
416 2593 462 2645 si
487 2593 831 2646 ostendemus
849 2595 985 2646 bene
1010 2593 1340 2646 merentibus
1362 2593 1595 2663 gratiam
1612 2592 1803 2645 referri

113 2664 420 2735 convenire,
480 2667 527 2719 si
586 2668 1077 2733 demonstrabimus
1134 2667 1323 2720 ulcisci
1380 2667 1524 2719 male
1578 2667 1802 2719 meritos

44 2755 86 2787 35
113 2744 386 2810 oportere3
437 2741 482 2792 si
528 2741 688 2793 fidem
741 2759 1070 2812 magnopere
1111 2741 1447 2794 censebimus
1489 2759 1804 2793 conservan-

112 2814 257 2883 dam,
293 2815 339 2866 si
371 2815 521 2884 leges
557 2818 610 2866 et
643 2833 820 2867 mores
855 2815 1093 2868 civitatis
1127 2814 1343 2885 egregie
1377 2815 1613 2868 dicemus
1648 2832 1803 2883 opor-

111 2891 226 2941 tere
279 2889 507 2957 servari,
571 2888 618 2940 si
675 2889 958 2941 societates
1016 2891 1179 2958 atque
1243 2889 1510 2941 amicitias
1568 2888 1805 2940 studiose

1819 1751 1855 1866 (μω
