2075 3235
142 1251 196 1292 56

141 2435 195 2475 57

142 2567 214 2620 34

238 158 342 211 150
823 159 902 203 DE
934 157 1312 203 INVENTIONE
1358 208 1368 217 Ι
1852 165 1909 205 34

233 279 339 333 nisi
378 280 504 350 quid
543 299 605 332 ex
646 280 791 333 civili
834 297 1115 331 causarum
1147 295 1337 348 genere
1370 280 1600 349 exempli
1631 280 1910 346 subieceri-

234 372 369 423 muS,
407 354 616 406 videtur
657 352 918 405 eiusmodi
957 370 1166 421 quoque
1204 352 1460 405 utendum
1500 353 1762 424 exemp10,
1798 358 1909 407 non

235 446 338 496 quo
400 426 707 497 praeceptio
770 425 981 478 differat
1045 428 1137 477 aut
1192 425 1349 477 aliter
1402 426 1503 480 hoc
1556 428 1612 479 in
1666 445 1908 480 sermone

234 505 394 570 atque
433 501 490 553 in
530 499 748 552 dicendo
790 499 860 551 sit
898 498 1169 565 utendum,
1210 499 1299 551 sed
1336 503 1396 551 ut
1429 518 1611 553 eorum
1643 501 1909 554 voluntati

235 575 364 626 satis
412 573 528 639 fiat,
576 573 688 642 qui,
740 573 881 641 quod
921 573 1100 641 aliquo
1139 573 1195 624 in
1234 572 1352 625 loco
1392 573 1659 642 viderunt,
1707 574 1812 627 alio
1850 574 1908 627 in
1954 588 1973 620 5

232 649 364 713 1000,
406 646 510 698 11131
542 649 903 699 monstratum
937 650 1032 714 est,
1062 649 1334 715 nequeunt
1366 663 1699 717 cognoscere.
1758 647 1907 718 Ergo

231 721 286 771 in
325 720 426 772 hac
465 737 640 788 causa,
693 738 827 788 quae
867 721 1007 789 apud
1048 719 1279 772 Graecos
1321 723 1403 772 est
1440 723 1750 791 pervagata,
1790 739 1910 774 cum

229 793 658 862 EpaminondaS,
714 793 1095 847 Thebanorum
1140 794 1457 862 imperator,
1514 794 1656 863 quod
1702 795 1772 863 ei,
1819 795 1910 864 qui

232 867 335 919 sibi
382 885 447 920 ex
492 868 610 936 lege
650 871 869 937 praetor
909 871 1258 935 successerat,
1311 868 1600 921 exercitum
1645 886 1753 921 non
1798 871 1909 921 tra-

231 941 366 993 didit
398 944 465 1009 et,
506 960 626 994 cum
656 960 856 1011 paucos
889 942 1003 1010 ipse
1037 941 1147 994 dies
1181 944 1369 994 contra
1399 942 1576 1012 legem
1616 941 1905 995 exercitum
1930 954 1975 989 10

230 1015 511 1084 tenuisset,
569 1014 1018 1068 Lacedaemonios
1066 1015 1308 1068 funditus
1356 1016 1508 1084 vicit,
1547 1057 1557 1069 .
1599 1056 1609 1068 .
1659 1057 1669 1069 .
1708 1015 1911 1085 poterit

231 1093 507 1143 accusator
556 1090 1022 1160 argumentatione
1079 1089 1159 1141 uti
1206 1107 1302 1158 per
1354 1089 1736 1156 inductionem,
1790 1108 1910 1143 cum

231 1163 489 1232 scriptum
544 1163 680 1234 legis
729 1167 916 1216 contra
965 1163 1286 1216 sententiam
1336 1163 1604 1232 defendet,
1657 1163 1725 1216 ad
1768 1163 1911 1217 hunc

230 1237 469 1290 modum:
520 1235 617 1305 eSi,
657 1237 876 1306 iudiceS,
916 1237 993 1305 id,
1034 1237 1175 1306 quod
1213 1237 1615 1306 Epaminondas
1657 1237 1734 1290 ait
1772 1237 1908 1308 legis

231 1311 546 1380 scriptorem
587 1312 839 1379 sensisse,
888 1311 1121 1364 ascribat
1162 1311 1228 1363 ad
1267 1311 1440 1380 legem
1480 1314 1534 1363 et
1573 1311 1734 1364 addat
1770 1310 1910 1364 hanc
1936 1324 1976 1357 15

231 1385 617 1454 exceptionem:
680 1400 877 1437 EXTRA
941 1400 1100 1449 QUAM
1163 1398 1212 1438 s1
1279 1399 1409 1448 Qms
1466 1400 1566 1438 REI
1625 1398 1908 1438 PUBLICAE

231 1474 414 1512 CAUSA
453 1472 795 1512 EXERCITUM
835 1473 956 1512 NON
995 1473 1367 1526 TRADIDERIT,
1407 1459 1722 1527 patiemini?
1783 1457 1909 1512 Non

231 1533 437 1602 opinor.
515 1531 651 1594 Quid
692 1534 738 1585 si
777 1536 984 1586 vosmet
1023 1533 1143 1602 ipsi,
1182 1533 1323 1601 quod
1356 1551 1386 1584 a
1425 1535 1608 1585 vestra
1647 1532 1909 1602 religione

230 1611 284 1658 et
324 1625 356 1658 a
395 1607 661 1676 sapientia
701 1607 1123 1659 remotissimum
1165 1609 1259 1673 est,
1299 1606 1456 1658 istius
1496 1606 1716 1659 honoris
1749 1624 1910 1659 causa

227 1681 366 1733 hanc
414 1680 634 1732 eandem
687 1681 1053 1749 exceptionem
1107 1679 1316 1731 iniussu
1370 1680 1558 1749 populi
1614 1679 1681 1733 ad
1734 1680 1908 1750 legem
1934 1693 1976 1726 20

231 1754 428 1807 ascribi
459 1754 705 1822 iubeatiS,
745 1755 976 1823 populus
1009 1753 1296 1806 Thebanus
1333 1753 1387 1805 id
1418 1753 1726 1823 patieturne
1757 1753 1910 1806 fieri?

227 1828 477 1881 Profecto
523 1846 632 1880 non
679 1828 929 1897 patietur.
1009 1827 1160 1890 Quod
1207 1844 1335 1896 ergo
1384 1827 1578 1880 ascribi
1629 1827 1695 1880 ad
1734 1828 1910 1897 legem

228 1903 379 1954 nefas
423 1905 518 1969 est,
562 1902 617 1953 id
657 1902 821 1972 sequi,
862 1902 1015 1971 quasi
1055 1901 1348 1970 ascriptum
1389 1901 1473 1969 sit,
1513 1905 1719 1954 rectum
1756 1901 1910 1954 vobis

229 1976 510 2028 videatur?
594 1975 1018 2029 Novivestram
1063 1975 1513 2044 intellegentiam3
1565 1993 1675 2029 non
1727 1978 1911 2045 potest

228 2052 306 2102 ita
352 2049 543 2116 videri,
589 2049 802 2102 iudices
883 2049 1084 2111 Quodsi
1133 2049 1329 2101 litteris
1377 2049 1574 2119 corrigi
1621 2067 1792 2120 neque
1841 2049 1908 2102 ab
1934 2062 1976 2096 25

228 2124 324 2175 illo
365 2141 535 2192 neque
577 2141 608 2174 a
646 2124 799 2175 vobis
853 2123 1131 2193 scriptoris
1169 2123 1422 2175 voluntas
1470 2125 1672 2192 potest,
1719 2123 1911 2190 videte,

228 2216 295 2250 ne
336 2197 506 2250 multo
546 2196 818 2266 indignius
860 2198 931 2249 sit
970 2197 1024 2249 id
1063 2215 1119 2249 re
1160 2199 1213 2248 et
1252 2196 1446 2249 iudicio
1479 2200 1658 2250 vestro
1697 2197 1910 2266 mutari,

231 2271 372 2340 quod
432 2289 498 2324 ne
552 2271 715 2324 verbo
773 2271 985 2340 quidem
1041 2271 1360 2324 commutari
1413 2268 1629 2340 potest?
1710 2271 1789 2324 Ac
1845 2271 1910 2323 de

228 2345 535 2398 inductione
591 2344 805 2414 quidem
861 2345 992 2397 satis
1048 2345 1104 2396 in
1157 2345 1463 2413 praesentia
1513 2344 1711 2398 dictum
1766 2344 1908 2397 vide·

229 2423 330 2472 tur.
415 2418 571 2472 Nunc
627 2419 872 2489 deinceps
924 2418 1352 2472 ratiocinationis
1399 2418 1509 2471 vim
1560 2421 1614 2471 et
1658 2421 1909 2472 naturam
1935 2433 1976 2465 30

232 2493 640 2546 consideremus

377 2567 740 2620 Ratiocinatio
791 2570 872 2620 est
919 2567 1090 2619 orat-io
1143 2586 1205 2619 ex
1244 2568 1364 2637 ipsa
1402 2585 1459 2620 re
1497 2566 1777 2637 probabile
1818 2566 1910 2619 ali-

233 2640 358 2709 quid
398 2641 628 2709 011010113,
671 2641 811 2710 quod
853 2641 1156 2710 expositum
1197 2645 1250 2693 et
1287 2659 1384 2710 per
1417 2658 1473 2693 se
1507 2640 1780 2710 cognitum
1813 2658 1910 2693 sua

233 2732 288 2765 se
333 2714 388 2766 vi
437 2718 489 2767 et
535 2715 742 2767 ratione
791 2715 1083 2768 confirmet.
1160 2713 1278 2767 Hoc
1331 2715 1393 2766 de
1434 2732 1626 2784 genere
1666 2714 1759 2783 qui
1797 2713 1907 2766 dili·

231 2788 442 2855 gentius
491 2789 934 2841 considerandum
981 2791 1328 2857 putaverunt,
1378 2806 1497 2840 cum
1537 2787 1677 2840 idem
1715 2787 1772 2840 in
1809 2805 1910 2840 usu
1935 2799 1977 2833 35

230 2861 438 2914 dicendi
471 2866 842 2932 sequerentur,
890 2863 1169 2932 paululum
1208 2862 1264 2914 in
1302 2860 1664 2931 praecipiendi
1701 2860 1909 2914 ratione

230 2934 611 2988 dissenserunt.
688 2936 828 2989 Nam
875 2936 1076 3006 partim
1128 2937 1360 3006 quinque
1408 2935 1521 2988 eius
1571 2937 1752 3005 partes
1793 2951 1909 2988 esse
