2080 3204
629 103 745 146 PER
775 102 978 147 ANnos
1011 77 1286 149 DIGESTA.
1672 106 1803 150 xvii
1874 103 1877 105 ’

1687 239 1789 272 Anni

1711 284 1786 317 Cic.

413 338 493 382 sed
526 337 776 394 largitione
809 338 970 394 aperta
993 338 1237 393 agebatur:
1271 337 1470 393 denique
1494 352 1565 382 res
1590 339 1649 382 ad

412 397 508 441 vim
549 399 595 440 et
640 397 828 440 caedem
875 397 1130 452 spectabat.
1199 395 1317 439 XIII.
1357 397 1459 440 Kal.
1500 397 1648 451 Febr„

413 469 516 499 cum
551 455 662 499 Milo
694 455 952 499 Lanuvium
993 455 1051 498 ad
1093 455 1327 498 flaminem
1358 455 1423 498 ibi
1454 455 1648 511 proden-

245 499 259 572 Ῐ
414 514 522 558 dum
579 514 967 570 proficisceretur,
1024 513 1208 557 obviam
1262 514 1305 557 ei
1361 515 1414 556 fit
1454 471 1680 558 'Clodiusl

412 571 570 616 Aricia
622 572 804 616 rediens
853 574 900 615 et
946 586 1103 628 pugna
1151 573 1309 615 coorta
1360 528 1682 631 interficimul

412 630 659 686 Pompeius
701 632 759 674 ab
802 631 1030 686 interrege
1072 631 1164 674 Ser.
1208 630 1411 687 Sulpicio
1452 632 1506 675 V.
1548 631 1648 674 Kal.

413 689 606 733 Martias
666 703 754 733 cos.
817 691 997 732 creatus
1054 689 1281 744 paulatim
1329 691 1484 745 coepit
1530 704 1577 733 se
1625 703 1652 733 a

223 769 227 774 ·
415 749 609 792 Caesare
658 749 878 792 avertere.
957 747 1156 791 Uxorem
1203 748 1331 792 ducit
1377 747 1651 804 Corneliam,

415 806 465 858 Q.
498 805 935 862 Metelli-Scipionis
966 806 1122 861 filiam,
1156 820 1453 863 socerumque
1486 807 1574 851 sibi
1604 807 1651 850 in

163 909 167 913 ,
415 867 618 921 quinque
651 869 877 908 extremos
909 865 1042 908 huius
1074 866 1182 908 anni
1213 879 1393 909 menses
1424 867 1651 923 collegam

414 926 463 968 in
496 924 736 967 consulatu
769 923 1051 979 subrogavit.

475 982 632 1026 Cicero
672 982 891 1025 Milonem
940 982 996 1025 de
1039 982 1086 1025 vi
1126 984 1393 1026 accusatum
1434 983 1653 1039 defendit,

417 1042 495 1086 sed
526 1041 595 1084 ita
628 1042 680 1084 ut
710 1040 799 1084 fori
832 1041 1066 1096 adspectu,
1100 1041 1225 1084 iussu
1249 1041 1459 1097 Pompeii
1489 1041 1652 1085 militi-

416 1102 501 1144 bus
528 1099 801 1143 circumdati
825 1101 873 1143 et
898 1100 1308 1144 acclamationibus
1331 1100 1655 1144 Clodianorum

417 1158 711 1214 perturbatus
757 1172 919 1214 parum
967 1161 1232 1202 constanter
1278 1159 1464 1203 diceret.
1539 1160 1654 1202 Eam

417 1231 535 1273 quae
599 1218 750 1260 exstat
801 1231 884 1272 pro
939 1217 1112 1261 Milone
1175 1218 1430 1262 orationem
1495 1220 1656 1274 postea

419 1274 619 1331 scripsit,
653 1290 756 1319 cum
787 1276 900 1320 Milo
934 1277 1264 1320 condemnatus
1295 1276 1551 1321 Massiliam
1583 1292 1656 1321 ex-

150 1694 232 1734 703
296 1693 350 1732 51

419 1335 620 1378 sulatum
645 1335 833 1379 abisset.
881 1335 1058 1378 Deinde
1085 1335 1293 1379 defendit
1317 1337 1382 1380 M.
1403 1337 1657 1390 Saufeium,

419 1394 498 1448 qui
530 1394 768 1437 absolutus
802 1395 886 1438 est.
944 1395 1101 1437 Mense
1133 1394 1376 1438 Decembri
1410 1396 1460 1439 T.
1495 1396 1656 1438 Muna-

418 1453 510 1496 tius
542 1452 741 1496 Plancus
774 1453 932 1508 Bursa,
977 1454 1216 1497 tribunatu
1247 1454 1397 1510 plebis
1430 1455 1657 1511 deposito,

420 1513 662 1555 accusatus
688 1526 716 1555 a
741 1510 959 1555 Cicerone
992 1515 1038 1555 et
1063 1513 1395 1556 condemnatus
1421 1516 1503 1557 est.
1559 1513 1657 1556 Hoc

419 1584 538 1614 anno
571 1570 646 1613 vel
679 1570 912 1625 sequentis
954 1570 1110 1625 initio,
1155 1571 1276 1615 certe
1307 1574 1416 1627 post
1447 1572 1656 1616 Milonia-

387 1668 391 1720 1
421 1628 1783 1744 {¹32¹}1³32?uffiszssssllfssilzfi}2‘}f⁰11'1ib'iy‘323555?1²315⁶

535 1721 543 1729 .
676 1722 685 1731 .
1139 1723 1149 1743 ,
1244 1726 1250 1732 .
1380 1723 1391 1742 ,

603 1747 750 1790 cellas.

482 1804 595 1849 Cum
627 1805 861 1861 superiore
894 1820 1013 1849 anno
1047 1805 1166 1850 SCto
1200 1808 1386 1850 cautum
1421 1810 1560 1862 esset,
1602 1821 1658 1851 ne

423 1864 523 1919 quis
555 1864 812 1920 praetorius
850 1866 932 1907 aut
963 1865 1218 1909 consularis
1251 1865 1374 1908 intra
1406 1866 1658 1921 quinquen·

423 1925 549 1966 nium
587 1922 635 1966 in
666 1923 953 1978 provinciam
992 1924 1101 1978 iret,
1149 1923 1299 1968 coacti
1340 1926 1448 1967 sunt
1486 1925 1520 1967 ii
1557 1940 1659 1981 pro-

421 1981 598 2025 vincias
630 1982 967 2037 administrare,
1001 1983 1152 2038 quiin
1177 1997 1251 2027 eas
1285 1997 1309 2027 e
1343 1983 1584 2027 consulatu
1615 1986 1661 2027 et

422 2041 640 2096 praetura
670 2041 874 2084 nondum
906 2041 1099 2086 iverant.
1151 2043 1313 2097 Itaque
1340 2041 1550 2086 Ciceroni
1583 2043 1661 2086 ob-

422 2100 532 2156 tigit
556 2099 719 2145 C'ilicia
743 2115 824 2156 pro
851 2101 1037 2144 consule
1069 2102 1286 2157 regenda,
1322 2116 1424 2145 cum
1457 2102 1672 2146 exercitu*

421 2159 631 2215 peditum
669 2159 767 2203 XII.
799 2159 882 2214 M.‚
928 2160 1138 2215 equitum
1178 2160 1366 2204 MMDC.
1433 2160 1663 2210 Successit

423 2219 472 2260 in
502 2218 742 2274 provincia
773 2220 892 2275 App.
919 2219 1126 2263 Claudio.
1176 2219 1453 2263 Laodiceam
1484 2220 1533 2262 in
1556 2235 1660 2276 pro-

424 2277 621 2321 vinciam
654 2276 783 2321 venit
814 2278 917 2333 prid
948 2278 1049 2322 Kal.
1086 2277 1233 2323 Sext.²

426 2335 550 2380 Coss.
597 2337 652 2381 L.
685 2338 910 2381 Aemilius
935 2337 1147 2392 Paullus,
1183 2336 1228 2382 0.
1265 2337 1488 2382 Claudius
1522 2337 1567 2381 G.
1602 2338 1660 2384 F.
1690 2349 1696 2423 Ι
1732 2343 1786 2383 57

602 2395 863 2440 Marcellus.

403 2491 406 2495 .
485 2453 693 2498 Ciceroni
731 2455 906 2500 Romae
951 2469 1033 2512 pro
1073 2469 1122 2499 re
1160 2456 1278 2499 bene
1317 2457 1452 2511 gesta
1492 2457 1663 2512 suppli-

428 2512 628 2557 cationes
662 2514 1006 2558 dece1·nuntur.3
1066 2515 1169 2570 Ipse
1204 2515 1280 2558 III.
1313 2514 1415 2558 Kal.
1452 2514 1572 2558 Sext.
1607 2516 1663 2558 de

426 2572 662 2628 provincia
699 2573 924 2617 decedens
966 2572 1011 2617 C.
1046 2572 1254 2617 Caelium
1298 2574 1590 2628 quaestorem
1622 2574 1665 2618 ei

296 2632 300 2636 '
392 2614 397 2685 Ι
425 2630 661 2686 praefecit.
709 2631 895 2688 Epheso
929 2633 1164 2689 profectus
1196 2632 1298 2676 Kal.
1327 2632 1425 2676 Oct.
1459 2633 1664 2677 Athenas

153 2340 237 2379 704
299 2339 355 2379 50

260 2822 300 2874 1)
333 2820 391 2863 ad
422 2821 546 2866 Fam.
578 2822 659 2877 ix,
694 2829 719 2867 2
767 2825 881 2870 extr.
1004 2825 1048 2879 2>
1082 2793 1169 2868 cfr.
1211 2825 1269 2867 ad
1301 2823 1397 2869 Aa.
1432 2824 1484 2870 V.
1511 2829 1550 2880 2,
1579 2829 1616 2868 7.
1653 2828 1721 2879 ιο,
1749 2828 1816 2866 15.

62 2944 67 2948 Π
139 2880 184 2933 3)
216 2879 275 2922 acl
307 2879 433 2925 Fam.
466 2880 566 2936 XV,
590 2887 631 2936 4,
659 2888 697 2926 6.

229 2961 303 2994 Cic.
328 2962 357 2992 Ι.
1361 2992 1364 2994 ,
1437 2956 1466 2999 b
