2075 3235
471 103 647 148 LIBER
676 103 752 150 IV.
818 101 944 148 CAP.
977 105 1164 147 23—25.
1222 106 1246 154 ς
1278 106 1466 145 32—34.
1738 100 1804 153 87

137 226 328 279 sidium
366 228 564 294 petere,
606 241 832 293 quorum
863 222 1002 275 nihil
1035 224 1217 291 potest
1249 220 1584 273 adversarius
1617 221 1806 273 facere.

135 297 277 351 Nam
315 300 494 350 utrum
536 296 601 349 ad
641 296 810 365 patris
854 296 1012 362 [eius]
1055 295 1310 347 virtutem
1351 293 1661 363 confugiet?
1733 295 1809 345 At

136 390 255 423 eum
295 389 390 423 vos
430 370 593 422 iurati
626 370 799 439 capite
834 368 1146 421 damnastis.
1208 366 1296 419 An
1336 367 1402 419 ad
1442 385 1592 418 suam
1633 384 1807 418 rever-

135 445 316 497 tetur?
358 442 552 510 [Quam
577 443 745 495 vitam
779 446 871 494 aut
903 442 995 493 ubi
1027 441 1251 493 honeste
1276 440 1627 505 tractatam‘?]
1668 438 1809 491 Nam

91 531 112 564 5
135 517 222 570 hic
255 517 467 585 quidem
501 519 625 569 ante
659 516 840 568 oculos
874 518 1082 568 vestros
1118 514 1384 582 quomodo
1418 513 1626 580 vixerit,
1661 512 1809 564 scitis

137 608 333 642 omnes
419 591 508 642 An
569 593 828 659 cognatos
883 606 1008 640 suos
1057 587 1414 654 enumerabit,
1467 586 1659 654 quibus
1715 603 1811 637 vos

135 664 418 716 conveniat
451 663 810 716 commoveri?
851 662 927 713 At
957 662 1013 713 hi
1049 661 1261 729 quidem
1294 660 1431 712 nulli
1464 663 1602 711 sunt.
1665 657 1811 710 Ami·

136 755 227 789 cos
266 737 541 806 proferet?
604 736 680 788 At
718 753 874 787 nemo
917 738 1013 803 est,
1054 734 1144 802 qui
1179 734 1283 786 sibi
1320 752 1428 785 non
1461 737 1616 801 turpe
1656 734 1811 801 putet

135 811 292 862 istius
349 811 580 863 amicum
633 807 934 861 nominari?
1026 806 1187 859 Item:
1244 805 1459 873 ‘Credo,
1521 806 1811 872 inimicum,

71 901 111 932 10
134 887 414 936 nocentem
454 883 709 953 putabas;
749 882 804 934 in
842 881 1096 933 iudicium
1138 880 1442 933 adduxisti?
1505 878 1652 931 Non:
1691 897 1812 930 nam

134 957 502 1009 indemnatum
535 955 752 1008 necasti.
815 955 1008 1024 LegeS,
1049 972 1183 1023 quae
1215 954 1269 1005 id
1300 953 1474 1005 facere
1507 952 1812 1021 prohibent,

135 1031 337 1083 veritus
390 1031 482 1082 es‘?
560 1029 636 1082 At
681 1047 747 1082 ne
796 1029 1024 1097 scriptas
1075 1027 1288 1096 quidem
1336 1026 1601 1078 iudicasti.
1677 1023 1812 1077 Cum

134 1104 250 1173 ipse
297 1108 351 1156 te
400 1103 595 1156 veteris
644 1102 910 1155 amicitiae
958 1101 1461 1166 commonefaceret,
1512 1102 1812 1151 commotus

137 1178 229 1229 es‘?
284 1178 360 1230 At
403 1177 575 1228 nihilo
624 1177 821 1244 minus,
874 1176 965 1227 sed
1014 1175 1175 1226 etiam
1218 1174 1509 1226 studiosius
1559 1172 1813 1224 occidisti.

71 1265 112 1299 15
139 1249 314 1312 Quid?
362 1269 477 1303 cum
520 1250 622 1301 tibi
661 1250 812 1318 pueri
854 1249 919 1301 ad
964 1248 1126 1317 pedes
1166 1248 1562 1313 volutarentur,
1613 1245 1814 1297 miseri—

136 1323 317 1376 cordia
355 1327 534 1376 motus
576 1323 668 1374 es‘?
747 1322 823 1374 At
864 1340 1045 1373 eorum
1079 1324 1285 1388 patrem
1327 1319 1696 1372 crudelissime
1739 1335 1814 1369 se-

133 1398 354 1465 pultura
386 1415 596 1465 quoque
629 1394 992 1465 prohibuisti?
1056 1394 1291 1446 Multum
1315 1394 1458 1444 inest
1491 1391 1814 1445 acrimoniae

137 1474 191 1523 et
230 1470 513 1540 gravitatis
545 1470 603 1521 in
640 1471 741 1522 hac
774 1468 1134 1536 exornatione,
1172 1471 1459 1536 propterea
1500 1465 1655 1534 quod,
1696 1483 1814 1518 cum

138 1544 439 1612 quaesitum
486 1546 590 1610 est,
638 1542 763 1611 quid
811 1545 1083 1611 oporteat,
1132 1540 1393 1593 subicitur
1437 1540 1492 1591 id
1537 1557 1646 1591 non
1701 1556 1815 1590 esse

72 1633 115 1665 20
138 1617 356 1670 factum.
434 1615 609 1677 Quare
649 1616 901 1668 facillime
940 1616 1016 1683 fit,
1056 1618 1118 1667 ut
1157 1617 1482 1684 exaugeatur
1520 1612 1815 1681 indignitas

137 1691 358 1759 negotii.
440 1689 523 1742 Ex
575 1690 759 1742 eodem
808 1707 1021 1758 genere,
1079 1692 1140 1740 ut
1191 1687 1257 1740 ad
1308 1690 1553 1739 nostram
1607 1702 1815 1754 quoque

138 1782 425 1833 personam
455 1763 748 1815 referamus
783 1762 1184 1826 subiectionem,
1224 1761 1323 1813 sic:
1365 1759 1525 1812 ‘Nam
1567 1758 1693 1827 quid
1732 1775 1817 1809 me

139 1838 313 1890 facere
367 1837 636 1905 convenit,
692 1855 811 1889 cum
861 1855 892 1888 a
936 1839 1092 1887 tanta
1142 1834 1420 1886 Gallorum
1475 1831 1817 1885 multitudine

141 1911 591 1963 circumsederer?
649 1910 778 1976 [An]
816 1909 1161 1961 dimicarem‘?
1218 1907 1292 1960 At
1316 1925 1434 1960 cum
1461 1924 1629 1975 parva
1654 1922 1817 1957 manu

75 2000 116 2032 25
141 1989 255 2036 tum
296 1985 652 2054 prodiremus:
705 1985 882 2035 locum
924 2000 1134 2051 quoque
1181 1980 1609 2033 inimicissimum
1658 1979 1818 2030 habe-

140 2059 346 2111 bamus,
432 2056 679 2110 Sederem
735 2058 791 2108 in
845 2056 1075 2109 castris?
1147 2055 1221 2107 At
1275 2072 1446 2122 neque
1504 2052 1819 2118 subsidium,

143 2132 283 2200 quod
324 2136 708 2200 exspectarem,
754 2130 1088 2182 habebamus
1126 2146 1298 2196 neque
1340 2130 1479 2194 erat,
1521 2127 1612 2194 qui
1649 2126 1819 2177 vitam

143 2205 571 2274 produceremuS.
633 2203 825 2257 Castra
857 2203 1254 2271 relinquerem?
1311 2200 1387 2254 At
1426 2199 1818 2252 obsidebamur.

143 2277 345 2340 Vitam·
369 2279 602 2330 militum
642 2277 1021 2347 neglegerem‘?
1085 2275 1160 2327 At
1201 2293 1291 2328 eos
1332 2274 1552 2326 videbar
1584 2291 1645 2324 ea
1679 2289 1820 2324 acce-

76 2368 120 2400 30
143 2352 287 2422 pisse
327 2352 652 2419 conditione,
699 2356 760 2402 ut
808 2352 969 2417 [eos],
1018 2349 1194 2418 quoad
1241 2366 1479 2419 possem,
1526 2346 1819 2398 incolumes

144 2425 351 2495 patriae
400 2429 453 2477 et
502 2424 815 2494 parentibus
868 2441 1254 2477 conservarem.
1337 2420 1594 2472 Hostium
1646 2418 1820 2471 condi-

143 2499 348 2551 tionem
395 2498 766 2567 repudiarem‘?
843 2497 920 2549 At
967 2497 1112 2549 salus
1154 2495 1425 2563 antiquior
1465 2496 1547 2545 est
1586 2492 1818 2545 militum

147 2590 308 2641 quam
331 2570 874 2640 impedimentorum?
937 2569 1218 2623 Eiusmodi
1252 2569 1652 2635 consequuntur
1677 2565 1820 2617 iden-

144 2645 312 2697 tidem
364 2645 738 2711 subiectioneS,
792 2647 853 2695 ut
904 2662 966 2695 ex
1014 2643 1261 2695 omnibus
1310 2640 1520 2693 ostendi
1573 2639 1821 2691 videatur

78 2733 122 2766 35
145 2719 283 2771 nihil
323 2719 519 2787 potius,
559 2736 718 2786 quam
761 2717 903 2785 quod
940 2716 1144 2769 factum
1186 2715 1270 2781 sit,
1309 2713 1610 2766 faciendum
1642 2712 1820 2764 fuisse.

1848 1408 1904 1447 34

295 2791 555 2844 Gradatio
611 2795 715 2858 est,
769 2791 826 2842 in
877 2809 981 2859 qua
1034 2808 1143 2842 non
1199 2791 1322 2840 ante
1375 2787 1441 2839 ad
1491 2803 1819 2854 consequens
1839 2784 1909 2836 25

146 2866 369 2919 verbum
425 2864 783 2931 descenditur,
838 2881 997 2931 quam
1055 2862 1122 2914 ad
1173 2860 1416 2930 superius
1473 2876 1820 2912 conscensum
