2080 3204
693 100 814 145 PER
845 100 1051 145 ANNOS
1083 101 1359 148 DIGESTA.
1779 106 1864 150 VH

327 232 446 281 Ante}
1759 239 1864 272 Anni

327 277 364 309 c.
381 278 446 310 N.=
1771 284 1846 316 Cic.

440 307 446 394 i
473 336 521 378 et
553 349 735 378 carmen
766 336 1002 380 heroicum
1033 336 1171 381 Marii
1209 338 1394 382 nomine
1434 339 1707 396 inscriptum

183 234 288 265 Anni

183 276 300 329 ¹1-—0-

307 337 313 494 ,
440 395 444 448 Ι
473 393 743 447 condiderit,
776 395 1003 439 incertum
1035 396 1140 440 est.1

199 454 283 496 669
346 456 402 496 85
472 451 596 496 Coss
645 451 702 496 L.
730 452 964 499 Cornelius
1005 455 1156 498 Cinna
1187 455 1322 509 HL,
1369 456 1447 500 Cn.
1483 456 1707 513 Papirius
1776 462 1830 501 22

214 514 262 555 et
347 514 394 555 et
592 510 748 556 Carbo.
1776 520 1823 560 et

198 574 282 615 670
345 575 402 614 84
471 567 591 613 Coss.
643 570 722 613 Cn.
770 572 995 625 Papirius
1044 571 1188 616 Carbo
1226 573 1322 627 IL,
1369 573 1427 617 L.
1474 574 1707 619 Cornelius
1775 579 1830 620 23

648 630 800 673 Cinna
830 631 919 674 IV.

530 687 659 731 Sulla
691 689 864 731 bellum
897 702 1000 732 cum
1036 689 1308 734 Mithridate
1339 689 1539 735 feliciter
1570 691 1703 748 gerit.

196 751 278 791 671
344 751 399 790 83
471 745 596 791 Coss.
643 746 701 789 L.
730 746 964 791 Cornelius
994 747 1147 803 Scipio
1171 748 1423 804 Asiaticus,
1458 749 1504 793 C.
1533 751 1706 795 Iunius
1775 756 1832 796 24

647 805 897 850 Norbanus
927 806 1117 849 Bulbus.

529 864 658 908 Sulla
694 878 808 920 pace
847 879 951 908 cum
983 864 1255 909 Mithridate
1287 867 1412 910 facta
1442 867 1490 911 in
1520 868 1705 911 Italiam

470 923 603 976 redit,
638 922 685 966 C.
710 922 980 967 Norbanum
1013 937 1101 968 cos
1135 924 1312 980 proelio
1336 927 1493 971 vincit.
1551 927 1704 982 Scipio

470 981 589 1025 alter
627 995 715 1025 cos.
758 983 818 1025 ad
849 982 1054 1026 Teanum
1096 996 1200 1026 eum
1240 986 1442 1027 exercitu
1472 985 1705 1040 profectus

471 1054 574 1084 cum
601 1040 730 1084 Sulla
754 1041 811 1084 de
834 1042 962 1097 pacis
996 1043 1044 1085 et
1074 1042 1141 1085 rei
1171 1042 1387 1098 publicae
1422 1044 1705 1089 ordinandae

470 1097 816 1142 condicionibus
856 1100 1000 1155 agit,2
1039 1100 1094 1143 de
1141 1101 1306 1156 quibus
1340 1115 1443 1145 cum
1474 1103 1595 1146 inter
1627 1117 1704 1147 eos

469 1158 595 1201 haud
628 1158 929 1214 convenisset,
962 1159 1189 1203 exercitus
1223 1159 1449 1215 Scipionis
1482 1162 1616 1217 signa
1647 1163 1705 1205 ad
1735 1209 1737 1219 Ι

471 1216 646 1260 Sullam
671 1218 914 1272 transfert3
947 1218 1047 1273 ipse
1073 1233 1176 1261 cum
1200 1219 1296 1262 filio
1322 1220 1446 1262 solus
1470 1219 1520 1262 in
1545 1222 1706 1264 castris

468 1276 657 1319 relictus
698 1290 725 1319 a
765 1276 895 1320 Sulla
934 1276 1187 1321 dimittitur
1229 1279 1277 1321 et
1312 1277 1567 1322 Massiliam
1608 1279 1708 1323 abit

299 1286 306 1401 Ι
470 1334 768 1378 exsulatum.3
826 1334 1108 1392 Capitolium
1136 1337 1193 1379 de
1230 1337 1358 1380 caelo
1389 1340 1568 1382 tactum
1601 1352 1703 1382 con·

436 1427 438 1439 ,
468 1394 648 1450 flagrat.

342 1457 396 1497 82
436 1453 438 1480 ἕ
469 1452 594 1497 Coss,
634 1453 680 1496 C.
701 1453 886 1497 Marius
905 1454 950 1498 C.
972 1453 1045 1508 F„
1074 1453 1154 1498 Cn.
1183 1454 1407 1511 Papirius
1426 1455 1572 1500 Carbo
1597 1456 1704 1500 III.
1775 1462 1830 1501 25

435 1488 439 1584 fi
527 1512 578 1555 L.
618 1511 926 1568 Damasippus
975 1514 1162 1568 praetor
1200 1516 1386 1558 auctore
1426 1514 1574 1559 Mario
1614 1530 1704 1560 cos

435 1585 654 1632 jomnem
699 1571 996 1614 nobilitatem
1046 1572 1263 1617 trucidat.
1335 1573 1464 1616 Sulla
1505 1574 1607 1618 fuso
1648 1576 1706 1618 ad

434 1633 440 2044 Ι
470 1630 784 1686 Sacriportum
818 1630 1020 1673 exercitu
1050 1631 1098 1674 in
1129 1632 1290 1675 urbem
1319 1633 1460 1687 venit,
1492 1633 1705 1678 inimicos

435 2067 439 2096 ι

468 1688 579 1744 fuga
610 1689 790 1744 elapsos
822 1688 1084 1745 proscribit,
1118 1703 1367 1746 eorumque
1401 1692 1523 1735 bona
1552 1692 1704 1748 publi—

469 1751 556 1792 cat.
618 1747 796 1791 Deinde
828 1748 1058 1803 praesidio
1090 1748 1194 1792 urbi
1233 1749 1450 1805 imposito
1485 1749 1562 1793 Cn.
1598 1750 1705 1795 Car·

468 1807 671 1860 bonem‚⁴
696 1806 892 1850 alterum
919 1807 1166 1861 consulem,
1192 1808 1374 1863 aliquot
1396 1809 1585 1864 proeliis
1610 1810 1705 1853 vin-

469 1865 547 1918 cit,
580 1880 717 1920 quem
750 1879 872 1920 mox,
901 1866 950 1909 in
977 1865 1183 1910 Siciliam
1214 1866 1436 1922 elapsum,
1469 1867 1546 1911 Cn.
1572 1867 1704 1913 Pom·

467 1924 598 1979 peius
647 1926 834 1981 captum
880 1924 1126 1968 interfecit.
1212 1925 1449 1969 Postremo
1503 1927 1705 1982 reliquos

467 1982 703 2027 Marianae
742 1981 959 2026 factionis
1004 1984 1164 2038 duces,
1213 1984 1492 2038 Carinatem,
1537 1977 1738 2067 Dama-i

434 2047 438 2062 ¹
468 2041 664 2098 sippum,
697 2041 744 2085 C.
773 2042 996 2085 Marcium
1022 2042 1320 2087 Censorinum
1350 2057 1453 2087 cum
1478 2045 1613 2088 sociis
1636 2047 1702 2089 in-

466 2101 596 2156 genti
639 2115 797 2157 pugna
844 2105 1044 2157 superat.
1116 2101 1215 2155 Quo
1261 2103 1387 2146 facto
1441 2101 1490 2146 in
1543 2105 1702 2148 urbem

465 2159 587 2202 redit
634 2161 681 2203 et
718 2174 889 2216 magna
934 2160 1106 2204 civium
1144 2161 1443 2205 multitudine
1484 2163 1702 2206 crudelis-

467 2217 580 2261 sime
611 2219 843 2262 trucidata
873 2220 1068 2263 dictator
1100 2220 1158 2263 ab
1186 2220 1415 2276 interrege
1439 2219 1487 2263 L.
1515 2220 1703 2266 Valerio

465 2277 634 2320 Flacco
674 2278 777 2334 lege
820 2278 879 2321 ad.
909 2278 1133 2334 populum
1163 2279 1262 2322 lata
1293 2280 1520 2334 creatur;⁵
1563 2295 1703 2335 quam

384 2391 388 2394 Δ
465 2335 744 2380 dictaturam
782 2351 866 2392 per
905 2337 1087 2393 aliquot
1124 2351 1269 2382 annos
1300 2340 1451 2394 tenet,
1494 2339 1702 2383 consules
1732 2381 1736 2396 ι

465 2396 620 2438 tamen
652 2395 798 2439 creari
828 2409 1000 2451 passus
1732 2397 1735 2456 ξ’

466 2452 588 2497 Coss.
639 2455 710 2498 M.
741 2454 922 2499 Tullius
955 2455 1150 2510 Decala,
1185 2455 1264 2500 Cn.
1294 2455 1529 2501 Cornelius
1559 2456 1701 2500 Dola·
1732 2479 1735 2512 ς
1773 2461 1827 2501 26

643 2513 770 2557 bella.
1732 2516 1735 2530 ²

191 2454 274 2495 673
338 2455 392 2495 81

526 2570 656 2615 Sulla
678 2585 774 2615 rem
799 2572 1035 2628 publicam
1068 2573 1199 2617 novis
1231 2573 1413 2629 legibus
1447 2573 1702 2617 constituit.

467 2628 545 2674 Cn.
585 2629 855 2687 Pompeius,
901 2632 1025 2676 bello
1074 2633 1121 2676 in
1159 2631 1316 2676 Africa
1356 2646 1460 2676 cum
1499 2632 1701 2677 Domitio

298 2607 304 2679 Ι

296 2820 339 2874 1)
364 2818 482 2865 Plut.
517 2820 608 2864 Cic.
637 2826 674 2864 1.
716 2821 772 2865 de
810 2821 900 2877 leg.
933 2822 968 2875 Ι,
1004 2827 1042 2865 1.
1147 2822 1192 2877 2)
1226 2822 1344 2868 Phil.
1377 2823 1476 2877 XII,
1503 2829 1572 2867 27.
1695 2825 1739 2880 3)
1770 2838 1855 2880 pro

179 2876 328 2922 Sestio
355 2883 393 2921 7.
485 2880 531 2934 4)
565 2879 624 2922 acl
656 2880 781 2924 Fam.
809 2880 886 2936 IX,
912 2885 981 2923 21.
1016 2882 1128 2924 extr.
1223 2883 1267 2938 5)
1300 2880 1356 2925 de
1387 2882 1490 2939 lege
1523 2897 1618 2939 agr.
1643 2881 1722 2938 111,
1756 2887 1795 2926 5.
