2080 3204
489 102 672 146 LIBER
702 103 779 149 111.
844 104 970 148 c-AP.
1004 77 1133 148 '7—9.
1199 109 1237 158 ς.
1274 111 1459 149 14—16.
1745 108 1811 158 51

133 226 188 277 in
229 223 595 294 potestatibus
637 224 890 293 gerundis
925 224 1179 277 animum.
1237 223 1293 277 Si
1323 224 1607 293 interierit,
1648 227 1816 278 cuius-

132 299 282 352 modi·
316 298 462 350 mors
505 296 618 349 eius
651 297 828 365 fuerit,
869 298 1168 362 cuiusmodi
1206 316 1292 350 res
1326 301 1556 350 mortem
1598 299 1710 350 eius
1746 300 1816 351 sit

131 374 430 424 consecuta.
508 370 594 421 Ad
645 389 829 423 omnes
879 374 1059 424 autem
1100 390 1209 440 res,
1256 372 1313 424 in
1361 371 1555 440 quibus
1605 373 1814 426 animus
1853 345 1900 458 18

129 444 364 498 hominis
406 444 639 496 maxime
681 445 1073 513 consideratur,
1123 446 1250 497 illae
1293 448 1549 514 quattuor
1589 446 1815 498 virtutes
1880 433 1906 459 ⁰

67 532 87 565 5
139 518 306 570 animi
346 521 505 569 erunt
546 518 1059 586 adcommodandae3
1108 522 1190 586 ut,
1239 519 1284 571 si
1325 518 1624 587 laudemus,
1673 519 1818 571 aliud

134 592 297 659 iuste,
353 591 499 643 aliud
546 590 784 657 fortiter,
838 592 981 644 aliud
1020 592 1284 660 modeste,
1337 593 1482 644 aliud
1517 592 1819 662 *prudenter
1872 622 1875 624 ·

133 664 339 717 factum
385 682 500 716 esse
543 664 801 730 dicamus3
851 665 896 716 si
940 665 1389 734 vituperabimus,
1430 666 1576 718 aliud
1605 666 1818 733 iniuste,

136 738 281 790 aliud
313 738 525 808 ignave,
559 738 701 790 aliud
733 738 1067 807 immodeste,
1101 739 1246 791 aliud
1279 741 1444 792 stulte
1469 741 1669 792 factum
1703 758 1818 792 esse

138 812 388 865 dicemus.
466 811 817 880 Perspicuum
851 815 933 863 est
965 813 1073 864 iam
1114 813 1369 865 nimirum
1403 832 1467 865 ex
1505 814 1607 866 hac
1648 813 1820 882 dispo-

72 900 113 932 10
141 886 348 953 sitione,
390 885 840 953 quemadmodum
883 887 953 937 sit
992 886 1276 938 tractanda
1314 886 1587 955 tripertita
1629 887 1819 939 divisio

78 971 82 975 ’
138 959 311 1012 laudis
346 962 400 1011 et
431 959 862 1028 vituperationis,
904 960 950 1010 si
981 959 1116 1011 illud
1150 960 1314 1012 etiam
1348 960 1822 1028 adsumpserimuS,

138 1050 248 1085 non
286 1050 504 1085 necesse
545 1050 660 1085 esse
700 1050 798 1084 nos
833 1051 1018 1084 omnes
1050 1033 1149 1085 has
1182 1037 1364 1102 partes
1396 1034 1452 1085 in
1484 1034 1697 1086 laudem
1731 1038 1823 1086 aut

137 1107 194 1158 in
227 1106 684 1175 vituperationem
716 1107 1026 1175 transferre,
1066 1110 1356 1176 propterea
1389 1107 1532 1175 quod
1564 1125 1722 1175 saepe
1754 1126 1821 1159 ne

137 1180 382 1232 incidunt
423 1180 660 1248 quidem,
703 1198 860 1248 saepe
906 1180 985 1231 ita
1024 1181 1260 1232 tenuiter
1297 1181 1562 1247 incidunt,
1608 1185 1669 1232 ut
1713 1199 1821 1233 non

68 1267 109 1300 15
136 1254 245 1305 sint
283 1254 618 1306 necessariae
669 1253 828 1305 dictu.
914 1252 1254 1322 Quapropter
1301 1272 1390 1306 eas
1438 1257 1644 1324 parteS,
1686 1272 1820 1323 quae

131 1327 476 1379 firmissimae
524 1327 868 1394 videbuntur,
919 1327 1098 1396 legere
1147 1328 1434 1396 oportebit.
1513 1326 1830 1391 Conclusio-⁴

130 1401 290 1452 nibus
310 1401 563 1453 brevibus
582 1403 811 1469 utemur,
833 1401 1257 1466 [enumeratione
1277 1402 1342 1453 ad
1361 1401 1563 1453 exitum
1583 1419 1774 1454 causae
1786 1403 1819 1469 ς]

131 1474 189 1526 111
226 1474 347 1543 ipsa
387 1493 549 1527 causa
590 1475 805 1532 ciebras
848 1477 902 1526 et
941 1475 1129 1526 breves
1172 1475 1620 1544 amplificationes
1660 1476 1821 1527 inter—

132 1555 394 1616 ponemus
434 1566 531 1616 per
571 1548 718 1600 locos
770 1566 1095 1600 communes
1174 1547 1287 1601 Nec
1334 1549 1436 1601 hoc
1485 1566 1653 1618 genus
1703 1567 1821 1601 cau-

64 1636 106 1668 20
132 1640 244 1689 sae,
294 1639 355 1673 eo
396 1621 538 1690 quod
578 1639 701 1673 raro
744 1621 936 1673 accidit
975 1621 1030 1673 in
1071 1621 1206 1689 vita,
1252 1623 1632 1692 neglegentius
1683 1640 1814 1674 com-

132 1694 490 1747 mendandum
532 1698 638 1762 est,
676 1713 848 1762 neque
891 1696 1033 1746 enim
1070 1695 1126 1746 id
1167 1696 1309 1764 quod
1347 1699 1531 1764 potest
1571 1695 1820 1762 accidere,

132 1772 191 1820 ut
227 1768 530 1820 faciendum
571 1768 642 1820 sit
684 1768 995 1837 aliquando,
1047 1787 1156 1820 non
1204 1772 1420 1838 oportet
1467 1769 1607 1821 velle
1660 1788 1821 1837 quam

132 1842 696 1895 adcommodatissime
737 1860 895 1910 posse
935 1841 1133 1910 facere3
1175 1845 1228 1894 et
1269 1843 1315 1895 si
1355 1843 1648 1911 separatim
1690 1843 1822 1894 haec

137 1934 300 1968 causa
339 1916 515 1967 minus
558 1933 716 1997 saepe
756 1919 1037 1983 tractatur,
1080 1918 1182 1981 [at]
1216 1916 1273 1968 in
1304 1916 1649 1968 iudicialibus
1683 1919 1736 1968 et
1767 1917 1824 1967 in

68 2003 110 2036 25
138 1989 505 2041 deliberativis
561 1989 736 2041 causis
797 2007 957 2058 saepe
1010 2006 1238 2072 magnae
1293 1992 1476 2059 partes
1537 1993 1824 2043 versantur
1861 2015 1866 2018 ·

133 2063 308 2115 laudis
344 2066 436 2115 aut
466 2062 898 2131 vituperationis
963 2061 1183 2124 Quare
1170 2082 1227 2114 111
1257 2063 1360 2116 hoc
1394 2081 1604 2132 quoque
1631 2081 1822 2115 causae

134 2154 326 2206 genere
393 2136 641 2188 nonnihil
695 2136 993 2188 industriae
1064 2137 1485 2189 consumendum
1554 2140 1820 2205 putemus

124 2209 308 2277 Nunc,
358 2210 609 2262 absoluta
656 2228 687 2261 a
733 2210 889 2262 nobis
939 2209 1259 2262 difficillima
1304 2214 1460 2278 parte
1507 2210 1820 2275 rhetoricae,

135 2283 243 2336 hoc
291 2286 373 2336 est
420 2283 726 2336 inventione
774 2284 1055 2352 perpolita*
1094 2287 1252 2352 atque
1302 2284 1367 2336 ad
1426 2301 1581 2336 omne
1630 2302 1821 2336 causae

68 2371 111 2404 30
137 2373 306 2426 genus
358 2356 788 2424 adcommodata,
843 2360 1057 2426 tempus
1115 2361 1198 2409 est
1255 2357 1324 2409 ad'
1376 2360 1581 2409 ceteras
1637 2360 1820 2424 partes

135 2430 417 2499 proficisci.
496 2429 762 2498 Deinceps
802 2431 972 2499 igitur
1013 2430 1077 2482 de
1117 2431 1470 2500 dispositione
1512 2430 1762 2482 dicemus

284 2503 550 2565 Quoniam
591 2503 874 2572 dispositio
917 2507 1022 2570 est,
1069 2522 1164 2572 per
1205 2522 1366 2572 quam
1406 2504 1526 2571 illa,
1568 2522 1702 2572 quae
1742 2503 1820 2554 in-

133 2577 399 2644 venimuS,
460 2577 516 2628 in
577 2577 818 2629 ordinem
879 2577 1196 2647 redigimUS,
1258 2580 1320 2629 ut
1381 2580 1526 2629 certo
1590 2577 1821 2646 quidque

134 2651 252 2703 loco
307 2650 716 2719 pronuntietur,
778 2650 1065 2703 videndum
1129 2655 1239 2718 est,
1310 2650 1606 2703 cuiusmodi
1661 2651 1821 2702 ratio-

60 2737 258 2789 35-nem
298 2724 353 2775 in
391 2722 720 2791 disponendo
759 2723 957 2776 habere
996 2724 1290 2777 conveniat.
1357 2723 1566 2776 Genera
1599 2724 1822 2792 disposi-

133 2798 343 2850 tionum
381 2800 505 2848 sunt
532 2796 657 2849 duo:
690 2814 855 2849 unum
882 2798 948 2850 ab
982 2797 1323 2850 institutione
1346 2799 1477 2850 artis
1503 2797 1820 2867 profectum,

135 2867 367 2924 alterum
400 2870 466 2922 ad
499 2888 683 2922 casum
715 2873 974 2939 temporis
1010 2871 1490 2933 adcommodatum.
1553 2870 1637 2923 Ex
1669 2870 1821 2922 insti-

1394 2955 1460 2999 4*
1550 2955 1553 2958 ⁴

1857 2550 1910 2588 16
