2075 3235
141 1129 193 1168 59

230 189 254 234 1
265 185 336 236 94
817 183 896 226 DE
929 181 1311 227 INVENTIONE
1849 188 1904 228 78

231 307 409 356 autem
452 304 736 372 adsumpta
777 303 884 355 alia
924 303 1105 370 aliqua
1137 301 1539 354 constitutione:
1581 306 1642 355 ut
1679 302 1737 354 in
1776 321 1903 371 quo-

229 378 351 430 dam
398 378 615 444 iudicio,
663 395 782 428 cum
822 376 1044 428 venefici
1094 375 1368 427 cuiusdam
1406 393 1603 428 nomen
1641 379 1782 428 esset
1821 377 1905 428 de-

227 452 396 503 latum
440 454 506 517 et,
549 449 985 517 quia'parricidii
1025 467 1184 501 causa
1217 448 1521 517 subscripta
1559 453 1716 517 esset,
1755 453 1906 502 extra

229 525 468 577 ordinem
503 526 643 574 esset
676 526 969 590 acceptum,
1002 541 1120 574 cum
1152 522 1209 573 in
1240 522 1579 574 accusatione
1612 523 1720 575 alia
1751 541 1906 592 quae-

229 598 351 650 dam
405 596 626 648 crimina
680 596 910 648 testibus
966 599 1020 648 et
1070 595 1402 665 argumentis
1449 596 1905 666 confirmarentur,
1951 612 1972 644 5

227 670 499 738 parricidii
531 673 712 721 autem
744 670 945 721 mentio
980 670 1155 722 solum
1185 668 1331 721 facta
1371 672 1524 737 esset,
1564 669 1812 722 defensor
1847 670 1906 722 in

227 745 327 796 hoc
381 744 499 811 ipso
553 744 784 794 multum
841 746 1055 811 oportet
1102 746 1154 794 et
1202 742 1290 794 diu
1338 743 1620 795 consistat:
1675 761 1794 796 cum
1841 743 1905 796 de

225 835 353 869 nece
417 817 656 884 parentis
719 816 856 868 nihil
920 816 1345 869 demonstratum
1402 819 1566 885 esset,
1624 816 1906 887 indignum

227 891 433 943 facinus
482 908 596 942 esse
646 908 708 942 ea
754 908 927 958 poena
968 890 1191 942 adficere
1234 907 1405 957 reum,
1453 908 1559 958 qua
1608 891 1907 958 parricidae

230 964 569 1030 adficiuntur3
609 964 664 1015 id
696 967 890 1031 autem,
923 964 968 1016 si
1001 964 1357 1028 damnaretur,
1387 963 1506 1015 fieri
1535 981 1751 1016 necesse
1776 982 1907 1033 6886,
1932 981 1974 1012 10

229 1038 481 1106 quoniam
538 1040 590 1089 et
645 1037 699 1089 id
750 1056 940 1090 causae
993 1038 1354 1104 subscriptum
1401 1041 1455 1089 et
1501 1055 1563 1089 ea
1607 1055 1665 1090 re
1710 1056 1909 1090 nomen

230 1115 381 1164 extra
422 1111 661 1163 ordinem
710 1112 780 1163 sit
828 1114 1120 1180 acceptum.
1196 1109 1279 1163 Ea
1316 1111 1485 1180 igitur
1523 1129 1697 1180 poena
1736 1111 1782 1164 si
1822 1111 1909 1164 ad-

228 1185 315 1238 fici
355 1203 506 1237 reum
544 1203 653 1238 non
687 1188 949 1254 oporteat,
990 1185 1232 1237 damnari
1265 1202 1475 1253 quoque
1507 1202 1616 1237 non
1647 1188 1909 1254 oportere,

231 1259 484 1327 quoniam
525 1277 586 1311 ea
624 1277 798 1327 poena
839 1259 1239 1311 damnationem
1282 1259 1582 1311 necessario
1624 1277 1909 1327 consequa-

229 1336 330 1384 tur.
406 1331 508 1384 Hic
562 1332 808 1384 defensor
853 1350 1056 1401 poenae
1104 1333 1578 1384 commutationem
1626 1350 1689 1384 ex
1735 1336 1908 1386 trans·
1933 1347 1974 1380 15

228 1407 397 1458 lativo
426 1423 617 1476 genere
641 1406 936 1458 inducendo
969 1409 1143 1458 totam
1173 1406 1469 1458 infirmabit
1498 1406 1910 1459 accusationem.

228 1479 617 1531 Verumtamen
672 1480 861 1532 ceteris
922 1497 1129 1548 quoque
1192 1479 1504 1531 criminibus
1567 1479 1908 1532 defendendis

231 1553 577 1606 coniecturali
637 1554 1021 1605 constitutione
1083 1553 1493 1604 translationem
1555 1553 1908 1607 confirmabit.

143 1627 213 1678 20
231 1627 555 1695 Exemplum
590 1630 769 1678 autem
801 1627 1178 1678 translationis
1210 1626 1266 1677 in
1300 1644 1462 1678 causa
1489 1626 1729 1695 positum
1751 1628 1908 1679 nobis

145 2159 199 2198 60

231 1701 302 1752 sit
341 1700 669 1752 huiusmodi:
711 1698 846 1752 Cum
887 1700 953 1752 ad
983 1700 1093 1752 vim
1124 1699 1424 1752 faciendam
1457 1699 1674 1767 quidam
1715 1701 1911 1753 armati
1933 1715 1976 1747 20

229 1775 526 1841 venissent,
576 1774 770 1825 armati
818 1777 1005 1826 contra
1050 1776 1267 1843 praesto
1314 1774 1551 1842 fuerunt,
1599 1777 1653 1826 et
1700 1774 1909 1826 cuidam

232 1848 401 1916 equiti
447 1847 693 1899 Romano
750 1847 966 1916 quidam
1015 1866 1077 1899 ex
1132 1847 1355 1899 armatis
1402 1848 1679 1899 resistenti
1727 1848 1908 1918 gladio

231 1940 450 1974 manum
497 1921 771 1990 praecidit.
855 1921 989 1991 Agit
1034 1922 1107 1988 is,
1156 1921 1240 1973 cui
1285 1939 1476 1973 manus
1522 1921 1766 1990 praecisa
1813 1925 1909 1990 est,

230 1996 561 2048 iniuriarum.
623 1994 874 2047 Postulat
904 1996 966 2062 18,
1002 1995 1215 2063 quicum
1248 1995 1440 2064 agitur,
1481 2013 1512 2046 a
1543 1998 1791 2064 praetore
1823 2013 1908 2047 ex-

232 2070 553 2138 ceptionem:
600 2083 792 2120 EXTRA
840 2083 997 2132 QUAM
1046 2084 1106 2120 IN
1151 2083 1312 2120 REUM
1353 2082 1571 2121 CAPITIS
1612 2083 1909 2122 PRAEIUDI-
1932 2083 1975 2116 25

234 2157 368 2195 CIUM
408 2157 561 2194 FIAT.
637 2141 739 2194 Hic
786 2142 854 2209 18,
905 2142 994 2211 qui
1035 2142 1163 2211 agit,
1202 2142 1455 2194 iudicium
1493 2161 1689 2211 purum
1726 2145 1910 2211 postu-

232 2218 332 2283 lat3
365 2217 474 2283 ille,
507 2216 720 2285 quicum
755 2216 950 2285 agitur,
983 2215 1349 2284 exceptionem
1382 2215 1505 2268 addi
1538 2216 1615 2268 ait
1646 2218 1908 2285 oportere.

234 2289 488 2352 Quaestio
528 2292 631 2341 est:
677 2289 1065 2358 Excipiendum
1105 2289 1189 2356 sit,
1229 2308 1297 2341 an
1337 2307 1462 2342 non.
1520 2287 1721 2342 Ratio:
1766 2288 1910 2343 ‘Non

234 2365 374 2416 enim
433 2366 646 2432 oportet
698 2363 755 2414 in
800 2363 1196 2432 recuperatorio
1242 2362 1438 2416 iudicio
1487 2362 1598 2415 eius
1646 2364 1910 2432 maleficii,
1988 2362 1992 2366 ’

234 2438 296 2489 (16
331 2456 434 2505 quo
467 2440 606 2488 inter
640 2436 856 2490 sicarios
890 2437 1176 2505 quaeritur,
1207 2436 1592 2505 praeiudicium
1616 2436 1764 2489 fieri.'
1819 2436 1907 2489 In-
1932 2451 1976 2483 30

233 2511 468 2563 firmatio
515 2511 763 2563 rationis:
819 2509 1118 2562 ‘Eiusmodi
1164 2514 1289 2562 sunt
1337 2510 1580 2579 iniuriae,
1624 2513 1686 2562 ut
1731 2510 1794 2563 de
1839 2511 1907 2562 iis

234 2585 515 2653 indignum
580 2585 650 2636 sit
701 2602 811 2636 non
863 2585 1036 2653 primo
1094 2602 1303 2652 quoque
1357 2587 1598 2652 tempore
1651 2583 1908 2637 iudicari?

233 2657 516 2710 Iudicatio:
589 2659 860 2710 Atrocitas
923 2657 1238 2710 iniuriarum
1301 2658 1499 2710 satisne
1562 2676 1753 2710 causae
1822 2657 1909 2725 sit,

237 2750 412 2800 quare,
461 2732 585 2783 dum
633 2732 694 2783 de
744 2750 805 2784 ea
850 2731 1136 2799 iudicatur,
1183 2731 1246 2783 de
1286 2731 1465 2799 aliquo
1505 2732 1709 2783 maiore
1747 2731 1908 2783 male·

234 2806 369 2873 ficio,
410 2805 472 2856 de
513 2823 616 2873 quo
650 2805 904 2857 iudicium
943 2807 1312 2873 comparatum
1352 2807 1444 2870 sit,
1482 2804 1907 2874 praeiudicetur?
1930 2817 1974 2850 35

235 2879 414 2946 Atque
466 2879 768 2947 exemplum
823 2878 1035 2947 quidem
1087 2879 1189 2931 hoc
1244 2881 1339 2931 est.
1422 2877 1486 2930 In
1538 2878 1684 2931 omni
1730 2881 1905 2931 autem

238 2970 396 3004 causa
423 2952 488 3004 ab
516 2955 742 3020 utroque
769 2953 951 3021 quaeri
977 2952 1262 3021 oportebit,
1295 2970 1328 3004 a
1351 2969 1454 3020 quo
1481 2954 1534 3004 et
1564 2969 1660 3021 per
1691 2969 1822 3020 quos
1853 2953 1909 3004 et
