2080 3204
118 426 172 465 26

207 138 277 188 14
757 129 838 173 AD
873 128 919 174 o,
951 125 1321 171 HERENMUM

207 256 274 308 ab
309 252 571 306 ambobus
603 251 660 302 in
692 267 852 302 causa
885 245 1156 313 destinari,
1195 262 1299 313 quo
1333 244 1473 296 ratio
1507 243 1680 297 omnis
1712 244 1882 297 totius

207 327 466 382 orationis
506 323 823 377 conferatur.

356 397 755 452 Constitutione
780 394 946 461 igitur
971 394 1184 460 reperta
1209 391 1396 443 statim
1413 390 1716 459 quaerenda
1739 390 1882 443 ratio

209 477 313 541 est,
365 490 499 541 quae
541 487 756 522 causam
796 466 928 518 facit
968 469 1020 516 et
1060 464 1300 516 continet
1349 464 1734 532 defensionem,
1779 463 1884 516 hoe

210 547 385 609 mod0‚
424 548 483 596 ut
523 541 743 594 docendi
776 557 935 592 causa
973 538 1029 589 in
1061 538 1161 590 hac
1192 537 1537 606 potissimum
1570 555 1731 590 causa
1762 554 1880 589 con-

211 621 488 672 sistamus:
529 615 746 667 Orestes
780 613 1065 665 confitetur
1106 629 1162 662 se
1203 610 1456 662 occidisse
1488 613 1738 662 matrem:
1777 610 1884 661 nisi

212 691 459 745 attulerit
484 689 616 740 facti
641 687 923 753 rationem,
955 685 1279 753 perverterit
1311 682 1689 736 defensionem.
1733 683 1883 752 Ergo

212 765 387 818 adfert
427 781 566 829 eam,
617 778 750 828 quae
789 759 895 811 nisi
933 757 1308 824 intercederet,
1354 774 1420 808 ne
1471 774 1632 808 causa
1671 756 1886 824 quidem

212 841 369 890 esset.
457 835 564 887 Illa
618 834 784 901 enim,
846 833 1043 900 inquit,
1103 834 1314 899 patrem
1370 848 1549 881 meum
1603 829 1886 881 occiderat.

215 911 408 994 [Ei-go,
446 912 508 960 ut
548 907 780 975 ostendi,
819 907 959 958 ratio
1001 923 1063 957 ea
1103 908 1206 971 est,
1255 922 1391 972 quae
1431 903 1670 955 continet
1710 901 1884 954 defen·
1909 916 1952 948 10
1998 966 2007 970 α

214 1001 440 1050 sionem,
489 983 601 1033 sine
652 999 757 1048 qua
802 997 869 1031 ne
915 997 1084 1048 parva
1131 977 1343 1046 quidem
1393 976 1656 1028 dubitatio
1706 978 1889 1044 potest

213 1056 471 1109 remorari
505 1054 942 1118 damnationem]
997 1051 1226 1103 Inventa
1256 1051 1467 1102 ratione
1492 1050 1890 1102 firmamentum

215 1128 576 1199 quaerendum
618 1130 720 1195 est,
766 1126 821 1178 id
868 1129 971 1192 est,
1020 1125 1162 1193 quod
1200 1124 1441 1176 continet
1481 1122 1890 1190 accusationem,

217 1203 357 1271 quod
391 1201 627 1254 adfertur
652 1203 840 1253 contra
871 1200 1137 1251 rationem
1171 1197 1507 1264 defensioniS,
1539 1197 1602 1248 de
1628 1213 1734 1264 qua
1765 1198 1890 1247 ante

218 1278 420 1328 dictum
452 1279 548 1328 est.
600 1274 664 1326 Id
696 1274 1054 1326 constituetur
1077 1272 1178 1323 hoc
1203 1271 1384 1323 modo:
1418 1269 1554 1322 Cum
1577 1287 1704 1321 usus
1727 1268 1892 1320 fuerit

218 1349 437 1402 Orestes
463 1349 671 1400 ratione
695 1347 796 1399 hoc
821 1349 1003 1415 pacto:
1029 1344 1168 1396 eIure
1196 1344 1376 1411 occidi,
1393 1344 1490 1395 illa
1515 1343 1657 1394 enim
1680 1345 1892 1411 patrem

218 1441 397 1474 meum
453 1419 762 1487 occiderat',
816 1422 999 1470 utetur
1047 1420 1324 1470 accusator
1373 1417 1737 1483 firmamento,
1789 1415 1893 1466 hoc

219 1495 402 1547 modo:
438 1494 532 1545 ‘At
555 1512 665 1545 non
691 1494 786 1544 abs
820 1496 873 1544 te
900 1492 1068 1544 occidi
1091 1509 1261 1558 neque
1293 1490 1659 1541 indemnatam
1691 1505 1891 1557 poenas

218 1568 449 1637 pendere
490 1568 764 1635 oportuit.²
843 1565 928 1617 Ex
974 1565 1184 1616 ratione
1234 1562 1557 1615 defensionis
1605 1565 1660 1613 et
1707 1580 1770 1613 ex
1807 1561 1892 1612 fir-

220 1643 492 1693 mamento
520 1639 877 1692 accusationis
910 1638 1092 1689 iudicii
1118 1637 1360 1705 quaestio
1385 1638 1641 1687 nascatur
1665 1637 1894 1702 oportet,

221 1733 382 1783 quam
420 1731 518 1766 nos
561 1713 958 1778 iudicationem,
998 1710 1191 1762 Graeci
1228 1706 1561 1777 κρινόμενον
1602 1708 1894 1777 appellant.

219 1788 302 1839 Ea
335 1788 693 1840 constituetur
726 1804 790 1837 ex
824 1784 1192 1837 coniunctione
1225 1782 1550 1834 firmamenti
1583 1784 1637 1834 et
1668 1781 1893 1833 rationis

224 1860 576 1926 [defensione]
615 1859 718 1911 hoc
769 1858 951 1911 modo:
991 1856 1127 1910 Cum
1175 1857 1316 1908 dicat
1356 1854 1572 1907 Orestes
1621 1873 1676 1907 se
1722 1854 1894 1923 patris

221 1933 507 1986 ulciscendi
540 1951 701 1985 causa
732 1935 963 1983 matrem
989 1930 1259 1996 occidisse,
1290 1932 1563 1982 rectumne
1594 1928 1758 1980 fuerit
1782 1927 1895 1978 sine

222 2007 417 2058 iudicio
444 2025 474 2058 a
497 2006 609 2058 filio
630 2005 1117 2073 Clytaemnestram
1143 2003 1324 2056 occidi.
1375 2001 1543 2071 [Ergo
1568 2001 1669 2054 hac
1686 2001 1895 2053 ratione

223 2080 602 2132 iudicationem
649 2079 881 2147 reperire
929 2077 1214 2141 convenit]
1293 2074 1528 2143 Reperta
1573 2075 1896 2126 iudicatione

227 2171 439 2205 omnem
464 2153 730 2204 rationem
762 2151 930 2203 totius
965 2150 1224 2203 orationis
1258 2167 1318 2201 eo
1353 2148 1583 2200 conferri
1609 2146 1895 2216 oportebit.

137 2204 203 2317 ἐξ
224 2226 289 2278 In
315 2226 563 2278 omnibus
590 2224 1067 2278 constitutionibus
1101 2226 1154 2274 et
1177 2222 1423 2290 partibus
1449 2221 1897 2273 constitutionum

223 2300 325 2352 hac
356 2300 445 2351 via
482 2298 832 2350 iudicationes
872 2297 1221 2366 reperientur,
1260 2298 1641 2363 praeterquam
1679 2294 1736 2345 in
1774 2311 1898 2345 con-

225 2372 470 2425 iecturali
509 2372 913 2424 constitutione:
961 2371 1016 2421 in
1057 2388 1118 2421 ea
1155 2386 1252 2420 nec
1289 2369 1429 2420 ratio
1471 2386 1576 2435 qua
1614 2385 1670 2418 re
1709 2366 1898 2419 fecerit

228 2447 525 2514 quaeritur,
563 2444 753 2497 fecisse
787 2445 929 2496 enim
959 2445 1211 2512 negatur:
1251 2459 1348 2493 nec
1379 2441 1780 2492 firmamentum
1811 2457 1898 2491 ex-

227 2520 473 2586 quiritur,
498 2518 752 2586 quoniam
777 2535 886 2569 non
912 2517 1096 2568 subest
1120 2515 1276 2567 ratio.
1317 2513 1490 2575 Quare
1516 2532 1578 2565 ex
1603 2512 1898 2565 intentione

228 2595 281 2643 et
319 2592 641 2643 infitiatione
688 2591 944 2642 iudicatio
993 2588 1364 2654 constituitur,
1411 2588 1514 2640 hoc
1560 2586 1744 2639 modo:
1794 2584 1899 2650 [In-

226 2664 444 2730 tentioz]
510 2663 787 2716 eOccidisti
828 2661 1079 2715 Aiacem?
1146 2660 1472 2731 [Infitiatioz]
1514 2658 1657 2711 ‘Non
1696 2656 1898 2711 occidi.'

230 2737 559 2804 [Iudicatioz]
602 2736 970 2789 Occideritne‘?
1049 2735 1208 2787 Ratio
1251 2734 1422 2786 omnis
1462 2733 1742 2800 utriusque
1783 2749 1899 2784 ora·

227 2811 411 2877 tioniS,
473 2814 533 2861 ut
589 2814 712 2862 ante
777 2810 977 2862 dictum
1033 2811 1136 2876 est,
1199 2807 1266 2858 ad
1320 2806 1460 2858 hanc
1521 2805 1901 2857 iudicationem

229 2883 549 2937 conferenda
605 2887 699 2936 est.
791 2882 847 2935 Si
901 2883 1083 2951 plures
1139 2883 1296 2932 erunt
1343 2879 1754 2932 constitutiones
1809 2881 1901 2930 aut

1943 0 2022 463 ξ

1999 303 2014 324 ἰ

2003 431 2010 442 2

1985 467 2013 556 ἓ

1991 640 2010 686 ,ᾗ

1991 723 2016 773 ‚12

1926 551 1948 583 5

1990 1009 2013 1070 ἕ

1995 824 2013 901 ἑ

1992 902 2013 963 ,ἓ

2002 975 2015 1003 1

2000 1041 2026 1106 ‹22

1995 1103 2032 1309 ξ’

1915 1281 1958 1315 15
2005 1308 2026 1329 „,

1998 1336 2024 1376 ἕν

2003 1369 2027 1414 ἐν’

2004 1444 2033 1517 M

1918 1649 1960 1680 20

1920 2013 1962 2047 25

1995 1518 2035 2215 mammeam!

1921 2381 2080 2422 sof-

1923 2719 2033 2777 35ss

2003 2825 2035 2946 Ξ

1991 2939 2038 3204 3
