2075 3235
145 154 200 194 33
497 146 678 191 LIBER
709 147 741 193 Ι.
806 146 930 190 CAP.
966 150 1150 190 31—33.
1216 149 1253 198 ξ.
1289 151 1474 190 51—55.
1711 149 1816 201 149

143 272 363 338 propter
415 267 678 320 rationem
729 266 958 337 rogandi
1008 265 1394 319 concederetur.
1486 265 1605 318 Hoc
1660 268 1815 320 modo
1851 287 1904 326 53

146 343 404 394 sermonis
443 342 735 410 plurimum
769 339 1015 393 Socrates
1055 358 1181 392 usus
1223 343 1318 408 est,
1356 344 1644 408 propterea
1678 341 1817 409 quod

144 415 279 467 nihil
325 415 438 483 ipse
486 414 693 466 adferre
742 415 807 466 ad
854 413 1280 482 persuadendum
1327 413 1564 480 volebat,
1614 413 1705 465 sed
1757 432 1818 465 ex

146 506 229 555 e0,
270 488 411 556 quod
450 488 552 539 sibi
590 488 678 538 ille
719 487 949 554 dederat,
990 487 1201 555 quicum
1242 486 1572 555 disputabat,
1614 487 1819 555 aliquid

145 561 399 614 conficere
457 561 719 628 malebat,
774 561 915 630 quod
969 560 1062 611 ille
1110 578 1172 611 ex
1222 578 1304 627 eo,
1356 560 1496 628 quod
1542 561 1651 612 iam
1699 578 1817 612 con-

144 635 414 701 cessisset,
460 635 761 687 necessario
809 634 1109 702 approbare
1157 633 1384 686 deberet.
1462 632 1580 686 Hoc
1626 634 1682 685 in
1729 635 1906 703 {ge-32

143 726 267 760 nere
313 708 743 777 praecipiendum
793 707 950 759 nobis
998 706 1205 758 videtur
1258 707 1512 775 primum,
1566 711 1626 760 ut
1672 707 1817 775 illud,

145 781 286 850 quod
334 781 643 833 inducemus
691 799 784 848 per
831 780 1255 848 similitudinem,
1311 781 1572 832 eiusmodi
1619 781 1710 848 sit,
1757 785 1818 833 ut

145 856 215 906 sit
268 873 483 907 necesse
538 855 834 907 concedere.
925 853 1068 906 Nam
1132 872 1194 906 ex
1257 872 1359 921 quo
1421 855 1817 922 postulabimus

144 928 299 980 nobis
332 928 480 996 illud,
521 928 658 997 quod
696 928 914 979 dubium
955 927 1040 994 sit,
1081 927 1309 994 concedi,
1350 927 1569 979 dubium
1612 946 1724 980 esse
1763 929 1819 980 id

142 1002 320 1070 ipsum
357 1020 467 1053 non
507 1002 789 1070 oportebit.
854 1000 1058 1053 Deinde
1089 1001 1239 1069 illud,
1280 1001 1426 1053 cuius
1468 1001 1819 1053 confirmandi

143 1093 304 1127 causa
342 1075 435 1126 fiet
472 1075 723 1143 inductio,
776 1074 1060 1126 videndum
1101 1078 1203 1141 est,
1241 1077 1303 1126 ut
1343 1074 1515 1126 simile
1553 1075 1619 1126 iis
1659 1076 1818 1127 rebus

146 1148 230 1214 sit,
271 1167 402 1216 quas
435 1166 519 1200 res
552 1149 705 1216 quasi
736 1166 844 1200 non
885 1148 1071 1200 dubias
1115 1151 1237 1200 ante
1277 1148 1654 1216 induxerimUS,
1692 1168 1818 1201 nam

144 1221 344 1289 aliquid
391 1225 513 1273 ante
561 1240 870 1274 concessum
916 1222 1073 1273 nobis
1123 1239 1237 1273 esse
1289 1222 1426 1273 nihil
1464 1222 1725 1291 proderit,
1773 1223 1820 1274 si

100 1309 114 1318 ·
144 1296 191 1346 ei
231 1295 487 1347 dissimile
528 1293 628 1347 erit
667 1295 735 1363 id,
774 1296 922 1347 cuius
963 1313 1123 1347 causa
1162 1295 1296 1346 illud
1336 1295 1550 1347 concedi
1586 1296 1819 1364 primum

142 1368 485 1435 voluerimus3
527 1368 713 1420 deinde
760 1387 826 1420 ne
865 1369 1229 1436 intellegatur,
1271 1387 1374 1437 quo
1416 1371 1656 1436 spectent
1693 1370 1819 1421 illae

140 1441 344 1511 primae
389 1442 724 1494 inductiones
774 1446 826 1493 et
879 1440 944 1494 ad
992 1460 1149 1510 quem
1197 1443 1306 1494 sint
1353 1442 1551 1494 exitum
1600 1460 1820 1511 perven-

141 1520 307 1567 turae.
375 1514 516 1567 Nam
551 1516 642 1583 qui
672 1515 833 1583 videt,
874 1516 920 1568 si
957 1516 1004 1567 ei
1034 1516 1127 1584 rei,
1168 1535 1327 1584 quam
1367 1516 1542 1585 primo
1582 1520 1818 1586 rogetur,
1852 1535 1907 1574 54

140 1592 283 1642 recte
337 1589 654 1657 adsenserit,
707 1589 860 1640 illam
918 1608 1126 1658 quoque
1180 1608 1316 1657 rem,
1374 1608 1507 1657 quae
1564 1591 1667 1642 sibi
1719 1590 1820 1642 dis-

141 1663 358 1732 pliceat,
406 1681 521 1715 esse
567 1663 865 1715 necessario
914 1663 1326 1730 concedendam,
1373 1664 1687 1732 plerumque
1728 1667 1820 1716 aut

141 1755 250 1788 non
288 1736 654 1804 respondendo
698 1740 790 1788 aut
829 1737 968 1788 male
1007 1736 1375 1805 respondendo
1416 1737 1628 1807 longius
1663 1755 1818 1806 roga-

140 1810 342 1862 tionem
381 1810 666 1878 procedere
704 1828 812 1861 non
853 1810 1004 1877 sinit;
1051 1829 1213 1878 quare
1261 1811 1470 1862 ratione
1518 1811 1818 1880 rogationis

140 1883 450 1952 imprudens
484 1884 550 1935 ab
586 1902 662 1951 e0,
704 1883 844 1952 quod
877 1884 1153 1950 concessit,
1187 1884 1254 1935 ad
1285 1884 1353 1952 id,
1395 1885 1535 1952 quod
1566 1904 1674 1937 non
1706 1886 1820 1936 vult

142 1957 441 2022 concedere,
491 1957 822 2010 deducendus
864 1960 958 2009 est.
1033 1957 1350 2009 Extremum
1391 1961 1568 2010 autem
1611 1962 1703 2010 aut
1741 1962 1819 2010 ta-

100 2045 113 2052 ·
143 2035 323 2083 ceatur
363 2035 578 2100 oportet
617 2035 709 2083 aut
749 2031 1070 2084 concedatur
1119 2035 1211 2083 aut
1248 2035 1488 2101 negetur.
1567 2030 1623 2084 81
1661 2050 1819 2102 nega-

142 2106 309 2171 bitur,
365 2108 458 2156 aut
512 2104 838 2157 ostendenda
895 2105 1190 2157 similitudo
1248 2109 1331 2157 est
1385 2124 1568 2158 earum
1625 2125 1819 2173 rerum,

143 2196 276 2248 quae
310 2182 434 2230 ante
466 2196 744 2231 concessae
778 2182 917 2247 sunt,
951 2182 1042 2232 aut
1076 2179 1181 2231 alia
1211 2179 1469 2231 utendum
1499 2180 1819 2232 inductione.

143 2250 200 2304 Si
247 2251 583 2319 concedetur,
631 2252 991 2305 concludenda
1031 2256 1113 2305 est
1152 2254 1563 2322 argumentatio.
1644 2252 1700 2305 81
1737 2256 1819 2305 ta-

143 2326 371 2392 cebitur,
418 2325 673 2378 elicienda
711 2327 987 2395 responsio
1029 2330 1112 2379 est
1152 2331 1265 2395 aut,
1307 2327 1560 2395 quoniam
1599 2327 1820 2378 tacitur-

142 2401 285 2452 nitas
325 2399 568 2451 imitatur
608 2398 1020 2469 confessionem,
1058 2419 1156 2470 pro
1199 2419 1275 2468 e0,
1325 2419 1384 2453 ac
1425 2401 1471 2452 si
1511 2418 1820 2453 concessum

144 2474 235 2540 sit,
298 2473 608 2525 concludere
667 2474 939 2542 oportebit
993 2474 1527 2544 argumentationem.
1618 2473 1705 2526 Ita
1757 2474 1821 2526 fit

141 2547 242 2599 hoc
294 2563 461 2616 genus
510 2548 918 2615 argumentandi
963 2548 1317 2616 tripertitum:
1365 2547 1538 2616 prima
1583 2566 1709 2616 pars
1757 2566 1820 2599 ex

145 2619 497 2672 similitudine
530 2623 741 2672 constat
772 2639 877 2673 una
908 2621 1243 2690 pluribusve,
1277 2621 1449 2674 altera
1477 2639 1540 2673 ex
1570 2639 1645 2688 e0,
1680 2622 1821 2690 quod

142 2694 358 2746 concedi
403 2694 673 2761 volumUS,
727 2695 874 2746 cuius
925 2713 1084 2748 causa
1125 2695 1503 2747 similitudines
1546 2695 1819 2748 adhibitae

143 2771 288 2833 sunt;
336 2767 496 2819 tertia
544 2785 606 2820 ex
653 2768 1016 2838 conclusione,
1065 2787 1199 2838 quae
1247 2772 1341 2821 aut
1380 2769 1662 2821 confirmat
1702 2788 1820 2822 con-

142 2842 436 2894 cessionem
488 2845 581 2893 aut
628 2841 754 2909 quid
803 2860 864 2894 ex
912 2860 974 2894 ea
1020 2843 1333 2895 conficiatur
1379 2843 1629 2895 ostendit.
1717 2841 1817 2895 Sed
1838 2828 1906 2880 33

141 2917 266 2984 quia
303 2933 412 2968 non
452 2916 582 2967 satis
623 2915 780 2968 alicui
813 2915 1079 2968 videbitur
1114 2916 1339 2969 dilucide
1378 2916 1818 2980 demonstratum,
1851 2903 1905 2942 55
