2080 3204
586 95 765 140 LIBER
794 96 851 140 ΙΙ.
916 95 1042 140 ΟΑΡ.
1080 101 1264 141 14-16,
1328 102 1352 151 ἕ
1383 102 1570 144 20-23.
1847 100 1914 151 27

238 217 422 270 tuendi
460 235 570 269 non
607 216 858 268 habuerit
886 219 1229 286 potestatem.
1291 217 1557 270 Defensor
1590 222 1777 271 contra
1811 238 1915 288 eos,

240 292 331 360 qui
371 308 597 358 aequum
639 294 892 342 censeant
931 308 1045 342 rem
1084 291 1442 359 perniciosam
1483 291 1604 342 utili
1642 294 1916 361 praeponi,

237 367 417 416 utetur
440 364 558 415 loco
586 363 870 431 communi,
896 382 992 432 per
1017 365 1470 432 conquestionem,
1504 365 1663 417 simul
1699 372 1919 434 quaeret-

237 438 303 490 ab
331 437 749 504 accusatoribus,
785 437 850 488 ab
876 437 1140 489 iudicibus
1166 438 1313 507 ipsis,
1348 438 1475 507 quid
1500 438 1696 491 facturi
1721 443 1916 507 essent,

193 525 214 558 5
238 511 284 562 si
322 511 379 562 in
418 528 480 563 eo
520 511 638 563 1000
671 510 925 579 fuissent3
967 514 1019 562 et
1052 514 1280 580 tempuS,
1320 513 1513 579 Iocum,
1552 531 1680 581 rem,
1720 513 1917 565 delibe-

234 584 500 636 rationem
535 603 686 637 suam
718 588 882 653 ponet
914 588 1040 636 ante
1074 587 1271 637 oculos
1335 585 1642 638 Translatio
1677 586 1914 638 criminis
1939 588 2005 642 15

235 662 330 720 est,
364 676 483 710 cum
518 659 584 710 ab
619 677 710 710 reo
744 658 877 710 facti
904 677 1065 710 causa
1090 660 1146 710 in
1181 659 1410 711 aliorum
1435 663 1714 728 peccatum
1741 663 1917 712 trans-

233 731 418 784 fertur.
503 731 746 784 Primum
804 732 1167 800 quaerendum
1224 738 1328 800 est,
1384 752 1575 786 verene
1637 734 1693 786 in
1749 734 1916 786 alium

234 805 435 858 crimen
474 805 857 874 transferatur,
906 806 1093 858 deinde
1137 807 1485 876 spectandum
1529 811 1632 875 est,
1681 826 1915 876 aequene

169 894 209 925 10
233 897 490 948 magnum
545 880 617 931 sit
671 879 806 931 illud
860 883 1164 950 peccatum,
1222 881 1362 948 quod
1415 884 1471 932 in
1527 882 1685 933 alium
1741 885 1914 933 trans-

231 953 464 1017 feratur,
521 957 682 1022 atque
740 953 900 1022 illud,
957 954 1099 1022 quod
1152 972 1272 1006 reus
1332 955 1626 1024 suscepisse
1683 955 1912 1024 dicatur3

233 1027 444 1095 deinde,
500 1028 867 1096 oportueritne
915 1028 970 1079 in
1019 1046 1079 1080 ea
1125 1046 1181 1080 re
1229 1046 1472 1097 peccare,
1518 1029 1575 1080 in
1624 1047 1728 1097 qua
1776 997 1913 1082 alius⁷

233 1102 404 1167 [ante]
430 1102 688 1170 peccarit,
723 1101 925 1169 deinde,
952 1102 1318 1171 oportueiitne
1344 1102 1598 1155 iudicium
1624 1107 1746 1154 ante
1772 1103 1913 1185 fie1i3

233 1174 442 1242 deinde,
483 1193 603 1248 011111
642 1175 846 1227 factum
884 1175 1140 1228 iudicium
1178 1194 1288 1228 non
1328 1177 1398 1229 sit
1438 1177 1500 1228 de
1541 1177 1636 1228 illo
1678 1177 1913 1244 0111111110,

165 1262 209 1294 15
235 1249 376 1317 quod
415 1249 471 1300 in
513 1249 675 1301 alium
716 1248 1092 1317 transferatur,
1134 1253 1451 1318 oporteatne
1486 1250 1549 1302 de
1590 1269 1651 1302 ea
1684 1269 1740 1302 10
1781 1219 1913 1302 iudi-⁷

231 1323 372 1375 cium
410 1323 547 1390 ficii,
599 1341 733 1391 quae
772 1341 856 1375 res
897 1324 952 1374 in
991 1292 1245 1376 iudicium
1291 1342 1401 1376 non
1440 1324 1660 1376 venelit.
1737 1323 1911 1377 Locus

230 1397 529 1448 communis
580 1396 905 1449 accusatoris
957 1400 1146 1449 contra
1195 1416 1338 1466 eum,
1392 1399 1481 1466 qui
1527 1398 1649 1466 plus
1700 1402 1914 1450 censeat

227 1470 338 1522 vim
380 1489 541 1539 quam
588 1470 784 1523 iudicia
831 1471 1009 1523 valere
1060 1478 1329 1540 oportere,
1378 1475 1431 1524 et
1481 1472 1548 1524 ab
1588 1472 1912 1524 adversariis

227 1545 632 1612 percontabitur
688 1548 991 1613 accusator,
1048 1545 1174 1614 quid
1223 1545 1465 1598 futurum
1525 1545 1615 1614 sit,
1673 1545 1718 1598 si
1771 1546 1913 1597 idem

163 1632 204 1664 20
229 1619 392 1670 ceteri
423 1617 640 1685 faciant,
672 1621 733 1670 ut
766 1618 828 1670 de
860 1619 1185 1671 indemnatis
1213 1620 1479 1688 supplicia
1505 1622 1736 1687 sumant,
1772 1620 1913 1687 quod

230 1710 319 1745 003
359 1692 500 1744 1(10111
538 1692 729 1744 fecisse
771 1693 963 1746 dicant.
1035 1691 1185 1760 Quid,
1227 1693 1273 1745 si
1312 1695 1426 1762 ipse
1462 1697 1738 1745 accusator
1770 1694 1912 1745 idem

227 1766 402 1819 facere
444 1765 741 1818 voluisset?
804 1765 1068 1819 Defensor
1109 1785 1292 1819 eorum
1324 1767 1535 1836 peccati
1569 1767 1912 1819 atrocitatem

226 1839 478 1909 proferet,
510 1840 568 1891 in
593 1857 726 1908 quos
753 1840 954 1892 crimen
978 1840 1288 1908 transferet,
1324 1859 1452 1909 rem,
1478 1842 1671 1909 locum,
1696 1844 1910 1910 tempus

228 1918 350 1966 ante
392 1914 574 1966 oculos
614 1917 794 1982 ponet,
834 1917 893 1965 ut
932 1914 992 1982 ii,
1035 1915 1125 1982 qui
1166 1914 1405 1983 audient,
1447 1915 1776 1983 existiment,
1818 1918 1912 1967 aut

163 2003 205 2034 25
230 2006 339 2040 non
370 1988 613 2057 potuisse
647 1991 739 2039 aut
770 1987 959 2040 inutile
990 1988 1157 2040 fuisse
1190 2007 1304 2040 rem
1336 1989 1393 2040 in
1423 1988 1679 2041 iudicium
1711 1989 1909 2043 venire.

228 2060 515 2114 Concessio
568 2065 668 2128 est,
727 2080 822 2130 per
871 2080 1034 2130 quam
1088 2062 1245 2115 nobis
1292 2063 1502 2132 ignosci
1556 2063 1908 2131 postulamus

225 2135 308 2188 Ea
348 2135 603 2187 dividitur
649 2135 706 2186 in
744 2137 1123 2204 purgationem
1165 2141 1218 2188 et
1257 2136 1703 2206 deprecationem.
1780 2136 1908 2188 Pur-

228 2209 376 2279 gatio
418 2214 514 2277 est,
555 2227 674 2262 cum
708 2210 953 2262 consulto
987 2229 1018 2262 a
1048 2210 1205 2262 nobis
1246 2209 1450 2263 factum
1488 2228 1763 2279 negamus,
1826 2210 1909 2263 Ea

227 2283 481 2335 dividitur
519 2283 576 2334 in
613 2284 1085 2351 necessitudinem,
1127 2284 1425 2353 fortunam,
1473 2284 1906 2353 imprudentiam.

159 2372 201 2404 30
228 2357 330 2422 [De
369 2357 454 2408 his
486 2357 731 2426 partibus
770 2358 1006 2426 primum
1048 2359 1434 2411 ostendendum
1468 2362 1570 2427 est3
1613 2358 1800 2410 deinde
1840 2359 1908 2410 ad

227 2431 658 2500 deprecationem
697 2432 1071 2484 revertendum
1120 2432 1367 2498 videtur]
1447 2431 1686 2485 Primum
1734 2432 1907 2484 consi-

228 2505 522 2557 derandum
548 2508 643 2572 est,
674 2523 803 2557 num
829 2507 988 2574 culpa
1018 2509 1238 2558 ventum
1266 2506 1337 2558 sit
1370 2506 1426 2557 in
1458 2505 1906 2558 necessitudinem

229 2581 379 2645 [num
419 2579 576 2648 culpa
623 2579 869 2632 veniendi
907 2579 1356 2633 necessitudinem
1393 2579 1625 2646 fecerit}
1698 2579 1904 2632 Deinde

226 2653 609 2722 quaerendum,
657 2671 822 2721 ecquo
871 2654 1029 2706 modo
1079 2653 1158 2704 vis
1198 2653 1293 2704 illa
1333 2652 1496 2704 vitari
1535 2653 1772 2722 potuerit
1812 2658 1904 2706 aut

156 2741 199 2773 35
223 2727 406 2779 levari.
476 2725 681 2779 Deinde
719 2727 781 2794 13,
821 2728 912 2796 qui
951 2728 1009 2779 in
1038 2725 1486 2780 necessitudinem
1526 2745 1743 2779 causam
1783 2746 1903 2780 con-

223 2800 375 2869 feret,
409 2803 729 2869 expertusne
763 2801 848 2867 sit,
883 2801 1010 2869 quid
1043 2804 1229 2853 contra
1260 2801 1436 2852 facere
1470 2803 1562 2852 aut
1596 2801 1902 2871 excogitare

221 2877 420 2944 posset.
490 2873 710 2938 Deinde,
749 2892 876 2926 num
911 2892 1045 2942 quae
1086 2874 1411 2943 suspitiones
1453 2892 1516 2926 ex
1556 2874 1904 2927 coniecturali

1932 2035 1997 2087 16

1942 2111 1998 2150 23
