2080 3204
221 123 285 166 IV
572 121 994 166 MEMORABILIA
1024 120 1207 163 VITAE
1239 120 1552 163 CICERONIS

221 251 1891 350 {²113}

239 360 320 399 651
345 359 349 442 Ι
374 360 454 398 103
511 356 635 399 Coss.
685 355 732 399 Ο.
760 355 949 398 Marius
972 353 1090 406 HL,
1121 351 1176 394 L.
1204 352 1421 396 Aurelius
1457 351 1640 397 Orestes.
1656 410 1665 418 ⁶
1819 359 1847 396 4

567 413 699 456 Hunc
723 426 892 455 annum
908 410 1117 454 Marius
1106 425 1154 453 m
1178 410 1444 466 apparando
1468 411 1591 454 bello
1618 410 1735 455 Cim-

346 445 349 512 l
510 471 639 515 brico
673 471 914 514 consumit.

239 530 480 573 6521102
510 529 633 572 Coss.
683 529 728 573 Ο.
757 530 945 572 Marius
968 528 1003 569 I
1009 528 1074 580 V
1110 526 1159 583 Q.
1185 526 1405 571 Lutatius
1441 526 1642 571 Catulus.
1822 533 1847 572 5

478 626 686 689 Sextias
730 659 871 701 prope
911 644 1165 687 Massiliam
1211 643 1369 687 vincit
1418 670 1472 675 —
1509 645 1737 688 Antonius

509 706 661 748 orator
698 703 952 746 maritimos
992 703 1247 758 praedones
1285 702 1589 758 persequitur.
1652 705 1734 746 Ar-

346 590 348 599 '
478 586 481 610 *
568 586 613 630 C.
647 588 817 630 Marius
849 586 1078 629 Teutonos
1117 587 1165 628 et
1201 586 1458 629 Ambronas
1499 585 1556 629 ad
1594 599 1737 641 aquas

345 601 349 816 1
508 761 634 805 chias
679 764 820 817 poeta
858 762 1050 806 Romam
1087 761 1252 805 venit.¹
1322 760 1373 813 Q.
1406 759 1561 805 Cicero
1593 761 1737 805 Marci

344 818 347 868 1
476 824 479 875 j
506 820 648 865 frater
678 821 894 864 nascitur.

240 885 321 923 653
345 877 347 891 ¹
373 885 452 922 101
476 878 479 904 ¹
510 879 633 923 Coss
683 878 729 923 O.
758 880 946 923 BIarius
975 878 1043 933 V.,
1077 879 1164 921 M’.
1197 878 1426 934 Aquilius.
1821 883 1847 922 6

567 937 642 980 Μ’.
676 938 887 993 Aquilius
919 951 1008 981 cos.
1041 937 1258 980 adversus
1289 936 1512 992 fugitivos
1542 935 1592 979 in
1624 936 1736 980 Sici-

508 996 619 1039 liam
642 997 821 1051 missus,
845 995 969 1039 bello
989 996 1155 1050 servili,
1182 996 1441 1039 Athenione
1464 995 1580 1038 duce
1597 993 1736 1039 inter-

508 1054 642 1109 fecto,
674 1055 812 1098 finem
843 1053 1053 1110 imponit.
1102 1055 1295 1110 Propter
1328 1055 1464 1097 huius
1498 1053 1613 1097 belli
1641 1068 1736 1098 me-

507 1112 702 1157 moriam
740 1113 883 1167 idem,
925 1128 1028 1157 cum
1069 1127 1096 1157 a
1126 1114 1174 1156 L.
1208 1113 1333 1156 Fufio
1375 1113 1430 1155 de
1471 1113 1736 1168 repetundis

508 1174 748 1216 accusatus
781 1177 916 1225 esset,
948 1171 1221 1215 defendente
1252 1171 1467 1226 Antonio,
1499 1171 1737 1215 absolutus

507 1233 588 1274 est.
625 1257 678 1262 ——
711 1231 756 1274 C.
791 1231 962 1273 Marius
1002 1244 1091 1274 cos,
1134 1244 1236 1296 cum
1270 1230 1320 1296 Q.
1353 1231 1540 1296 Lutatio
1573 1228 1736 1298 Catu-10

237 1301 346 1402 654!
371 1353 452 1391 100
506 1287 1734 1401 1622?⁸09¹¹51²1¹³iqfss⁸u3d193¹53⁰titgssfflspississssssfmm
1764 1303 1770 1405 1
1821 1354 1845 1392 7

566 1407 613 1450 L.
647 1406 866 1463 Appuleii
900 1406 1134 1450 Saturnini
1165 1406 1270 1450 trib.
1303 1407 1364 1461 pl.
1399 1408 1446 1449 et
1477 1407 1523 1450 C.
1555 1406 1737 1450 Servilii

508 1465 726 1509 Glauciae
751 1465 937 1519 seditio;
962 1467 1155 1520 uterque
1179 1465 1462 1509 interficitur.
1505 1465 1548 1508 Is
1575 1464 1624 1518 Q.
1643 1467 1736 1509 Me-

504 1524 617 1568 tello
651 1524 917 1578 Numidico,
963 1525 1084 1578 quod
1115 1524 1162 1567 in
1197 1524 1290 1567 eius
1322 1525 1474 1580 legem
1506 1524 1735 1580 agrariam

475 1635 477 1640 Δ
506 1584 654 1626 iurare
678 1582 839 1637 nollet,
865 1582 985 1626 diem
1011 1582 1140 1637 dixit,
1168 1583 1247 1638 qui
1271 1583 1383 1626 urbe
1407 1582 1575 1626 maluit
1597 1597 1736 1638 quam

472 1654 477 1722 ι
506 1642 734 1686 sententia
766 1641 987 1684 decedere
1764 1654 1768 1725 ¹

381 1704 476 1754 99
505 1699 629 1744 Coss
679 1701 750 1743 M.
783 1701 1016 1744 Antonius
1047 1701 1251 1755 (orator),
1283 1700 1340 1743 A.
1370 1700 1631 1745 Postumius
1654 1701 1735 1744 Al·
1819 1703 1846 1743 8

1764 1623 1768 1651 1

234 1703 343 1757 655

472 1774 475 1864 i
565 1760 863 1870 Q.bii⁷f‹{⁶tsellus
895 1817 1167 1860 Numidicus
1209 1816 1451 1874 rogatione
1485 1818 1535 1871 Q.
1569 1816 1736 1862 Calidii

473 1910 475 1934 5
504 1875 610 1921 trib.
643 1877 705 1932 pl.
740 1877 787 1919 in
820 1877 1059 1919 civitatem
1091 1877 1361 1920 restituitur.

235 1939 342 1981 656,
381 1939 434 1977 98
473 1935 475 1950 ³
506 1933 628 1978 Coss.
679 1935 728 1990 Q.
764 1934 943 1978 Caelius
977 1936 1188 1978 BIeteZZus
1217 1935 1384 1990 Nepos,
1423 1933 1468 1977 T.
1502 1935 1686 1980 Didius.
1817 1940 1843 1979 9

339 1983 343 2056 Ι
473 1994 475 2027 ἐ
562 1992 655 2036 Lex
691 1993 891 2037 Caecilia
921 1992 1078 2046 Didia,
1120 2006 1211 2047 qua
1251 1994 1466 2037 iubentur
1497 1993 1623 2049 leges
1655 2007 1736 2048 per

473 2052 819 2095 trinundinum
850 2051 1135 2108 promulgari
1175 2054 1221 2095 et
1252 2054 1439 2095 cavetur
1471 2052 1526 2094 de
1559 2051 1735 2095 duabus

339 2058 343 2207 .
505 2112 585 2153 aut
615 2110 823 2177 pluribus
854 2111 990 2154 rebus
1020 2125 1111 2153 non
1142 2126 1234 2154 una
1264 2111 1367 2166 lege
1401 2110 1733 2166 coniungendis

472 2223 474 2227 Ἰ
505 2172 578 2224 (ne
613 2170 714 2224 quis
746 2183 829 2225 per
860 2170 1063 2212 saturam
1094 2168 1263 2225 ferret).

232 2212 341 2276 657
379 2233 433 2271 97
473 2228 626 2272 Coss
690 2227 768 2271 Cu.
826 2228 1059 2272 Cornelius
1112 2227 1357 2282 Lentulus,
1414 2227 1464 2270 P.
1522 2228 1735 2273 Licinius
1806 2233 1858 2272 10

624 2286 823 2331 Crassus

338 2277 475 2446 li
565 2345 785 2389 Censores
815 2344 863 2387 L.
889 2345 1101 2388 Valerius
1126 2345 1318 2389 Flaccus
1352 2347 1399 2389 et
1421 2344 1480 2389 M.
1507 2345 1732 2389 Antonius

339 2451 341 2468 1
472 2407 475 2414 ’
505 2408 661 2448 orator
691 2405 886 2448 lustrum
918 2404 1108 2448 faciunt.

233 2466 342 2520 658ὲ
381 2468 434 2506 96
472 2508 474 2514 ,
506 2462 627 2506 Coss.
679 2462 756 2506 Gn.
802 2463 1034 2506 Domitius
1073 2463 1418 2517 Ahenobarbus,
1459 2462 1506 2507 Ο.
1554 2461 1735 2506 Cassius

471 2523 474 2554 ¹
620 2521 875 2579 Lonyiuus.

471 2557 475 2656 ζ
563 2579 857 2624 Ptolemaeus
896 2580 1070 2636 Apion,
1115 2594 1194 2624 rex
1242 2578 1542 2636 Cyrenarum,
1588 2580 1732 2624 testa·

472 2658 474 2683 ;
503 2640 659 2683 mento
692 2639 914 2694 populum
945 2638 1203 2683 Romanum
1235 2639 1452 2682 heredem
1481 2637 1607 2683 facit.

380 2701 435 2740 95
471 2725 474 2753 ,
506 2695 625 2740 Coss.
666 2697 722 2741 L.
749 2697 964 2741 Lieiuius
990 2698 1192 2751 Crassus,
1221 2697 1270 2752 Q.
1298 2697 1483 2741 Mucius
1507 2696 1729 2741 Scaevola.

337 2781 341 2805 1
471 2755 474 2808 ᾗ
562 2755 655 2799 Lex
687 2755 865 2800 Licinia
895 2755 1063 2812 Mucia,
1095 2757 1192 2799 lata
1223 2757 1280 2800 de
1311 2756 1512 2809 civitate,
1543 2769 1600 2798 ne
1633 2755 1733 2811 quis

1805 2468 1856 2506 11

231 2699 315 2740 359
1804 2702 1856 2741 12

305 2888 347 2941 1)
380 2900 462 2943 pro
495 2887 667 2931 Archia
699 2891 735 2930 5.
