2080 3204
186 250 335 285 iAnte

229 292 266 325 C.
286 294 332 324 N.

226 335 345 346 —o

257 357 314 394 44

97 293 143 327 U.
163 293 201 326 C.

113 356 195 395 710

325 2356 355 2662 1

595 79 713 158 PER
742 114 947 159 ANNos
979 114 1256 160 DIGESTA.

1605 82 1609 84 v
1666 119 1773 163 XXI

1646 252 1650 334 1

384 349 646 408 simulante,
679 350 887 395 Caesaris
918 349 1237 395 interfectores
1276 351 1507 406 Capitolio
1540 352 1616 395 de-

384 408 627 462 scendunt,
637 386 720 452 M.
754 410 896 453 Bruto
931 409 1081 461 Creta,
1115 408 1270 453 Cassio
1301 410 1472 464 Africa,
1505 411 1615 454 Tre-

383 467 523 510 bonio
555 468 689 522 Asia,
724 467 907 512 Cimbro
940 468 1081 524 Bithy
1084 468 1174 525 nia,
1206 468 1259 513 D.
1292 468 1433 513 Bruto
1467 468 1618 513 Gallia

384 525 568 570 citerior
600 526 874 570 decernitur.
937 526 1104 570 Caesar
1135 527 1291 570 autem
1324 541 1427 571 cum
1458 528 1615 572 funere

383 584 533 628 elatus
567 589 614 629 et
644 586 703 629 ab
727 585 929 629 Antonio
962 586 1178 628 laudatus
1210 587 1343 639 esset,
1375 587 1544 630 Brutus
1571 590 1618 630 et

385 643 566 687 Cassius
613 657 641 687 a
686 644 835 700 plebis
890 645 961 688 ira
1016 643 1104 687 sibi
1151 645 1411 688 metuentes
1456 646 1617 689 urbem

383 702 648 756 relinquunt
687 705 734 746 et
771 703 901 746 Antii
944 705 991 746 et
1028 703 1223 746 Lanuvii
1262 705 1613 747 commorantur.

382 759 609 805 Antonius
638 760 822 804 Italiam
852 764 1101 817 percursat.
1159 761 1316 806 Cicero
1347 762 1481 806 villas
1513 775 1616 805 suas

383 819 570 873 lustrat,
619 819 870 874 scribitque
917 819 1060 863 libros
1105 820 1158 864 de
1203 825 1375 864 natura
1420 822 1616 875 deorum,

382 879 435 921 de
459 879 754 931 divinatione,
778 879 832 921 de
853 878 964 931 fato,
989 879 1043 921 de
1067 879 1286 933 amicitia,
1312 880 1365 922 de
1387 884 1617 935 senectute,

382 938 436 981 de
465 938 626 994 ylaria.
674 935 920 980 Dolabella
945 937 1205 980 columnam
1236 938 1284 980 in
1308 937 1407 981 foro
1432 952 1459 981 a
1482 940 1616 994 plebe

384 994 567 1038 Caesari
597 995 821 1038 statutam
854 995 1021 1038 evertit
1047 995 1349 1051 hominesque
1375 997 1615 1040 seditiosos

382 1054 558 1096 ultimis
599 1053 838 1109 suppliciis
885 1053 1040 1097 afficit.
1113 1054 1159 1097 C.
1201 1053 1445 1109 Octavius,
1485 1057 1615 1098 heres

383 1112 603 1166 Caesaris,
635 1111 886 1167 Apollonia
916 1111 1162 1168 Neapolim
1202 1114 1331 1157 venit
1361 1113 1479 1158 XIV.
1513 1113 1615 1157 Kal.

383 1171 541 1214 Maias.
605 1169 825 1213 Kalendis
865 1170 1006 1214 Iuniis
1045 1174 1280 1215 senatores
1322 1185 1426 1215 cum
1465 1173 1513 1215 in
1548 1187 1614 1217 se-

380 1232 506 1284 natu,
538 1231 591 1272 ut
614 1229 843 1272 Antonius
878 1229 1096 1283 edixerat,
1132 1230 1294 1273 adesse
1325 1231 1512 1285 vellent,
1546 1245 1614 1275 ar·

381 1302 560 1331 morum
593 1288 691 1331 eius
721 1290 848 1331 metu
878 1289 1113 1343 perterriti
1145 1289 1404 1345 diffugiunt.
1457 1289 1615 1334 Cicero

380 1346 517 1390 villas
557 1347 655 1390 obit
694 1349 740 1390 et
768 1346 912 1390 libros
943 1348 998 1391 de
1027 1348 1194 1401 officiis
1227 1349 1423 1392 scribere
1456 1362 1616 1404 aggre-

381 1405 518 1448 ditur.
581 1406 642 1449 Et
680 1420 783 1449 cum
822 1406 1019 1449 haberet
1048 1408 1117 1449 ius
1149 1407 1397 1462 legationis
1428 1406 1616 1462 liberae,

382 1463 623 1507 consilium
655 1464 781 1520 cepit
811 1465 857 1507 in
885 1464 1123 1508 Graeciam
1147 1464 1482 1521 proficiscendi.
1524 1465 1615 1509 Ita-

381 1536 468 1578 que
492 1522 589 1565 XlI.
614 1523 717 1566 Kal.
744 1524 902 1566 Sextil.
929 1523 1064 1567 Velia
1095 1525 1403 1579 proficiscens,
1437 1525 1536 1580 (ubi
1568 1526 1616 1567 in

380 1582 484 1636 ipsa
507 1581 805 1638 navigatione
836 1582 1004 1637 Topica
1029 1583 1087 1625 ad
1114 1583 1382 1626 Trebatium
1415 1583 1616 1638 scripsit)

381 1640 611 1695 Rhegium
655 1643 703 1683 et
732 1641 834 1684 Kal.
868 1640 990 1684 Sext.
1025 1641 1217 1694 syracus
1222 1655 1272 1685 as
1303 1641 1443 1685 venit.
1505 1641 1615 1685 Inde

381 1702 562 1754 postero
604 1698 678 1741 die
719 1713 836 1742 nave
870 1713 1117 1743 conscensa
1147 1700 1297 1744 ventis
1328 1700 1525 1744 reiectus
1558 1701 1616 1743 ad

382 1758 714 1812 Leucopetram
746 1758 1114 1813 promontorium
1139 1759 1239 1813 agri
1263 1758 1477 1815 Rhegini,
1512 1772 1615 1802 cum

381 1814 580 1872 Rhegini
613 1815 802 1871 quidam
827 1815 974 1859 Roma
998 1817 1234 1860 venientes
1260 1831 1315 1860 ea
1339 1820 1617 1872 narrassent,

382 1888 500 1929 quae
534 1888 662 1930 spem
694 1875 901 1918 facerent
932 1874 1050 1930 fore,
1093 1878 1145 1918 ut
1174 1874 1402 1919 Antonius
1435 1854 1618 1920 cederet

383 1935 430 1976 et
463 1932 670 1976 Caesaris
702 1933 1023 1977 inteifectores
1053 1935 1250 1978 Romam
1282 1935 1507 1988 redirent,
1542 1934 1615 1978 Ci-

382 1989 592 2035 ceronem
618 2005 727 2035 vero
756 1992 1007 2035 desiderari
1039 1995 1100 2048 et,
1133 1993 1255 2048 quod
1278 1992 1389 2036 urbe
1417 1993 1617 2049 abesset,

381 2050 587 2093 accusari
612 2050 848 2103 dixissent,
882 2051 1179 2106 profectionis
1208 2052 1400 2095 consilio
1433 2052 1614 2095 abiecto

380 2108 574 2152 Romam
606 2112 826 2165 properat
857 2111 904 2152 et
934 2111 1051 2165 prid.
1084 2109 1185 2153 Kal.
1220 2110 1344 2166 Sept.
1376 2111 1424 2153 in
1455 2111 1616 2154 urbem

381 2168 520 2212 venit.
568 2169 796 2211 Antonius
827 2168 928 2211 Kal.
961 2167 1086 2224 Sept.
1120 2171 1331 2212 senatum
1362 2169 1528 2212 habuit
1559 2170 1615 2213 de

383 2225 798 2282 supplicationibus
841 2226 1025 2270 Caesari
1076 2227 1386 2271 decernendis.
1459 2227 1615 2272 Cicero

381 2285 429 2328 in
461 2286 671 2329 senatum
699 2299 790 2329 non
815 2286 954 2340 venit,
986 2286 1182 2329 fortasse
1206 2290 1416 2329 metuens
1440 2288 1499 2330 ab
1523 2287 1614 2329 An-

380 2344 508 2387 tonio
540 2344 753 2398 insidias,
786 2343 913 2388 misit
942 2347 1099 2388 tamen
1131 2345 1191 2388 ad
1221 2346 1496 2398 Antonium,
1538 2346 1615 2400 qui

382 2402 425 2446 ei
464 2401 638 2446 diceret
683 2417 730 2447 se
782 2416 837 2446 ex
874 2402 953 2447 via
994 2403 1228 2460 languere.
1298 2403 1526 2447 Antonius
1566 2403 1615 2447 in

382 2464 545 2504 senatu
577 2461 715 2515 dixit,
756 2461 844 2505 nisi
874 2462 1071 2516 veniret,
1105 2462 1258 2506 fabros
1292 2475 1339 2504 se
1370 2462 1614 2505 missurum

383 2523 430 2563 et
462 2520 646 2563 domum
679 2520 776 2564 eius
820 2521 1198 2565 disturbaturum.
1261 2521 1491 2564 Postridie
1522 2522 1613 2563 An-

381 2578 510 2622 tonio
543 2579 733 2623 absente
760 2577 917 2623 Cicero
949 2581 995 2623 in
1022 2582 1233 2623 senatum
1257 2581 1398 2633 venit,
1430 2579 1613 2623 habuit—

382 2651 471 2691 que
505 2638 775 2692 orationem,
807 2652 924 2692 quae
958 2638 1126 2682 dicitur
1158 2638 1420 2693 Philippica
1442 2639 1612 2704 prima:
1642 2669 1647 2680 .

384 2695 454 2739 Ob
485 2710 625 2751 quam
658 2697 884 2740 Antonius
916 2697 985 2740 ira
1015 2698 1226 2740 incensus
1264 2697 1531 2740 inimicitias
1572 2697 1614 2740 ei
1642 2682 1647 2775 Ι

381 2754 625 2798 denuntiat
656 2768 850 2810 eumque
883 2769 923 2800 a.
958 2756 999 2798 d.
1033 2755 1153 2800 XIII.
1187 2756 1286 2799 Kal.
1321 2753 1420 2798 Oct.
1459 2755 1508 2797 in
1549 2769 1613 2799 se-

381 2813 494 2856 natu
526 2813 686 2857 adesse
717 2815 858 2858 iubet.
914 2814 1016 2870 Ipse
1047 2816 1224 2858 interea
1254 2828 1336 2870 per
1359 2814 1486 2857 XVII
1519 2813 1614 2857 dies
1641 2777 1647 2847 Ι

380 2870 429 2913 in
468 2871 712 2916 Tiburtino
753 2872 978 2929 Scipionis
1022 2873 1324 2917 declamitans
1362 2851 1646 2930 meditatus!

1672 251 1773 283 Anni

1679 295 1754 328 Cic.
