2080 3204
81 895 217 939 *40

252 113 325 166 64
570 117 575 120 ·
805 111 886 156 AD
913 80 968 157 c.
1002 109 1373 155 HERENNHJM

251 233 511 286 memoria
559 235 842 286 contentus
901 232 999 298 sis,
1056 230 1199 298 quod
1250 233 1304 282 et
1350 229 1536 282 utilio'r
1592 230 1663 282 sit
1710 232 1764 282 et
1809 231 1932 299 plus

249 307 448 360 habeat
500 306 806 372 facilitatiS,
864 302 1227 356 admonendus
1287 320 1366 371 es,
1423 321 1587 371 quare
1642 303 1934 356 verborum

250 380 563 433 memoriam
603 397 712 431 non
749 377 1128 444 improbemus,
1205 375 1349 446 Nam
1388 379 1641 445 putamus
1682 379 1931 444 oportere

250 471 357 520 003,
383 453 473 522 qui
497 453 667 504 velint
685 468 768 502 res
787 449 1055 501 faciliores
1076 449 1188 500 sine
1206 449 1391 500 labore
1418 467 1479 501 ac
1506 449 1758 502 molestia
1774 450 1932 502 facile

250 526 494 592 retinere,
533 526 588 576 in
626 524 785 576 rebus
827 522 1221 574 difficilioribus
1272 538 1389 574 esse
1429 525 1551 574 ante
1591 523 1928 575 exercitatos
1978 539 1998 571 5

249 598 361 651 Nec
387 616 485 650 nos
510 598 648 650 hanc
673 597 958 648 verborum
983 595 1296 648 memoriam
1321 595 1640 663 inducimus„
1661 598 1722 647 ut
1743 613 1930 648 versus

249 671 557 731 meminisse
585 670 870 739 possimUS,
897 669 987 720 sed
1012 672 1073 720 ut
1096 668 1198 721 hac
1223 667 1605 720 exercitatione
1629 668 1727 720 illa
1751 687 1932 721 rerum

249 744 531 811 memoria,
587 762 722 811 quae
780 742 1017 811 pertinet
1074 741 1140 793 ad
1172 741 1505 807 utilitatem,
1563 742 1930 810 confirmetur,

238 821 310 869 ·ut
349 817 416 869 ab
456 817 557 869 hac
597 816 805 868 difficili
853 814 1236 868 consuetudine
1284 814 1396 866 sine
1436 814 1624 867 labore
1673 815 1741 867 ad
1778 815 1930 868 illam

248 890 568 942 facilitatem
607 889 840 941 transire
872 889 1158 957 possimus
1215 886 1317 939 Sed
1351 906 1471 940 cum
1502 888 1557 939 in
1588 888 1746 940 -omni
1778 888 1929 941 disci-
1956 906 1996 936 10

248 963 397 1031 plina
434 963 650 1014 infirma
698 966 803 1014 estv
828 962 960 1013 artis
1008 961 1316 1030 praeceptio
1372 961 1484 1013 sine
1537 979 1746 1014 summa
1793 962 1930 1014 adsi-

251 1036 454 1088 duitate
481 1035 894 1102 exercitationiS,
919 1039 1034 1086 tum
1053 1053 1179 1086 vero
1204 1035 1260 1085 in
1278 1034 1630 1087 mnemonicis
1648 1034 1931 1088 minimum

248 1110 394 1161 valet
428 1109 683 1177 doctrina,
717 1108 825 1160 nisi
855 1108 1136 1174 industria,
1177 1108 1368 1176 studio,
1408 1108 1608 1176 labore,
1646 1107 1930 1178 diligentia

248 1183 643 1252 comprobatur.
736 1181 907 1242 Quam
969 1181 1229 1250 plurimos
1288 1182 1436 1233 locos
1506 1185 1567 1234 ut
1618 1181 1820 1234 habeas
1875 1185 1930 1234 et

250 1274 410 1323 quam
444 1256 675 1320 maxime
709 1255 775 1307 ad
815 1258 1103 1324 praecepta
1144 1254 1581 1325 adcommodatos
1622 1273 1807 1308 curare
1837 1274 1929 1324 po·
1955 1271 1996 1302 15

248 1329 400 1396 teris3
435 1325 507 1381 'in
545 1328 872 1398 imaginibus
913 1327 1255 1380 conlocandis
1297 1328 1526 1395 exerceri
1566 1328 1761 1381 cotidie
1809 1346 1929 1381 con-

247 1402 408 1454 venit.
486 1402 610 1454 Non
658 1401 823 1468 enim,
876 1401 1013 1453 sicut
1063 1400 1323 1462 a·ceteris
1373 1401 1564 1453 studiis
1615 1401 1928 1454 abducimur

246 1491 651 1543 nonnumquam
691 1474 1061 1542 occupatione,
1099 1473 1229 1526 item
1271 1474 1337 1525 ab
1377 1473 1479 1527 hac
1516 1493 1572 1526 re
1610 1479 1929 1544 nos-'potest

249 1567 408 1601 causa
450 1548 703 1600 deducere
744 1548 939 1615 aliqua.
1001 1546 1312 1614 Numquam
1354 1551 1437 1599 est
1469 1548 1625 1616 enim,
1666 1548 1795 1617 quin
1833 1548 1927 1600 ali-

249 1621 376 1689 quid
416 1621 702 1673 memoriae
742 1621 951 1672 tradere
992 1620 1220 1671 velimus
1262 1624 1316 1672 et
1354 1624 1472 1673 tum
1510 1621 1765 1688 maxime,
1806 1640 1925 1674 cum
1951 1637 1994 1670 20

248 1694 427 1762 aliquo
480 1694 682 1746 maiore
737 1693 957 1762 negotio
1012 1693 1326 1747 detinemur.
1416 1693 1608 1759 Quare,
1645 1712 1805 1762 quam
1855 1695 1927 1748 sit

246 1768 379 1819 utile
418 1767 577 1820 facile
617 1767 947 1834 meminisse,
993 1784 1104 1818 non
1143 1770 1197 1818 te
1240 1767 1408 1835 fallit3
1461 1768 1603 1836 quod
1641 1771 1926 1837 tantopere

247 1841 378 1892 utile
412 1841 498 1908 sit,
539 1835 739 1908 quanto
774 1840 960 1892 labore
994 1840 1065 1891 sit
1098 1841 1470 1908 appetendum,
1509 1841 1714 1909 poteris
1748 1841 1926 1897 existi-

247 1930 407 1965 mare.
487 1912 763 1980 [Utilitate
815 1912 1032 1982 cognita
1079 1913 1323 1981 pluribus
1370 1914 1548 1965 verbis
1597 1914 1664 1966 ad
1711 1932 1829 1966 eam
1868 1919 1923 1967 te

247 1987 521 2038 adhortari
559 2005 669 2038 non
708 1990 789 2038 est
830 1986 1118 2053 sententia,
1157 2004 1224 2037 ne
1265 1990 1358 2038 aut
1408 1990 1501 2039 tuo
1543 1987 1719 2039 studio
1761 1987 1923 2040 diffisi
1948 2003 1990 2035 25

248 2063 341 2111 aut
381 2060 571 2127 minuS,
613 2070 893 2128 quam'res
934 2059 1193 2128 postulat,
1232 2059 1426 2111 dixisse
1466 2060 1779 2126 videamur}
1842 2060 1922 2113 De

247 2133 434 2200 quinta
474 2136 626 2201 parte
666 2131 966 2184 rhetoricae
1014 2132 1259 2200 deinceps
1310 2133 1564 2186 dicemus:
1612 2138 1672 2186 tu
1718 2135 1921 2202 primas

247 2223 483 2274 quasque
524 2210 705 2274 partes
746 2205 802 2256 in
842 2205 1020 2257 animo
1061 2205 1344 2272 frequenta
1385 2210 1458 2275 et,
1509 2207 1649 2276 quod
1690 2207 1920 2260 maxime

246 2297 460 2331 necesse
501 2283 597 2347 est,
639 2278 1018 2330 exercitatione
1059 2278 1329 2331 confirma.
