2075 3235
2002 81 2010 147 ——I

202 91 308 144 120
796 93 876 137 DE
909 92 1290 139 INVENTIONE
1854 104 1876 140 4

201 230 255 264 80
287 212 345 263 111
378 213 614 264 studium
649 214 869 281 aliquod
899 214 1175 264 traderent
1209 213 1463 281 quietum.
1535 213 1709 275 Quare
1749 215 1881 267 mihi

199 285 448 338 videntur
479 290 670 355 postea
703 290 880 338 cetera
913 286 1092 338 studia
1130 291 1278 338 recta
1319 290 1479 355 atque
1518 288 1750 340 honesta
1786 307 1882 358 per

201 359 369 411 otium
420 361 789 412 concelebrata
838 360 902 410 ab
946 359 1165 428 optimis
1216 360 1494 428 enituisse,
1545 361 1648 414 hoc
1685 379 1812 414 vero
1854 381 1882 415 a

199 433 470 501 plerisque
526 451 709 484 eorum
758 433 1025 484 desertum
1075 433 1405 485 obsolevisse
1455 437 1721 503 tempore,
1777 453 1881 504 quo

200 507 372 558 multo
422 505 787 557 vehementius
838 509 953 557 erat
992 506 1330 558 retinendum
1370 509 1424 559 et
1464 508 1754 560 studiosius
1796 509 1879 561 ad·
1926 526 1946 556 5

141 597 166 636 5
202 579 517 649 augendum.
602 578 745 630 Nam
801 597 904 646 quo
959 579 1232 648 indignius
1284 598 1397 631 rem
1443 579 1880 634 honestissimam

201 657 254 704 et
292 652 651 703 rectissimam
691 653 932 704 violabat
973 653 1266 705 stultorum
1308 657 1361 705 et
1399 653 1770 723 improborum
1808 659 1882 707 te-

199 726 419 777 meritas
446 729 498 776 et
524 725 746 778 audacia
772 745 981 778 summo
1014 744 1135 778 cum
1166 727 1244 778 rei
1271 727 1518 795 publicae
1546 727 1882 797 detrimentO,

201 817 261 850 eo
304 798 596 850 studiosius
638 802 691 850 et
729 799 841 851 illis
882 800 1242 852 resistendum
1280 800 1385 851 fuit
1425 803 1479 852 et
1517 801 1596 852 rei
1633 802 1882 870 publicae

139 875 173 924 4
199 872 598 924 consulendum.
662 871 814 933 Quod
845 877 1093 925 nostrum
1124 874 1279 925 illum
1310 892 1422 926 non
1450 874 1594 943 fugit
1620 874 1882 927 Catonem
1909 893 1951 923 ιο

197 963 368 1013 neque
407 944 650 997 Laelium
698 964 870 1014 neque
911 965 1117 1014 eorum,
1157 950 1217 998 ut
1256 965 1379 999 vere
1421 947 1616 1015 dicam,
1657 948 1884 1017 discipu-

197 1019 310 1069 lum
371 1018 689 1070 Africanum
760 1038 931 1088 neque
996 1019 1266 1073 Gracchos
1329 1021 1570 1073 Africani
1635 1026 1883 1090 nepotes:

199 1092 391 1159 quibus
447 1093 500 1143 in
551 1093 861 1145 hominibus
921 1097 1037 1145 erat
1093 1113 1305 1146 summa
1351 1094 1524 1146 virtus
1573 1097 1626 1146 et
1675 1112 1885 1146 summa

196 1166 397 1217 virtute
446 1166 776 1234 amplificata
824 1168 1117 1219 auctoritas
1167 1172 1239 1235 et,
1298 1186 1432 1236 quae
1488 1170 1542 1220 et
1589 1167 1675 1219 his
1723 1168 1884 1220 rebus

198 1243 512 1291 ornamento
555 1243 607 1291 et
647 1241 725 1291 rei
765 1241 1012 1308 publicae
1051 1241 1321 1310 praesidio
1363 1244 1520 1309 esset,
1560 1241 1883 1309 eloquentia.
1911 1260 1952 1291 15

198 1312 374 1374 Quare
430 1331 548 1365 meo
607 1313 820 1382 quidem
877 1315 1054 1366 animo
1101 1315 1270 1366 nihilo
1319 1315 1494 1368 minus
1546 1315 1885 1383 eloquentiae

199 1386 520 1438 studendum
561 1391 658 1454 est,
701 1387 803 1438 etsi
844 1406 905 1439 ea
946 1388 1163 1456 quidam
1204 1391 1257 1439 et
1295 1389 1552 1457 privatim
1587 1391 1639 1440 et
1670 1388 1884 1457 publice

198 1459 516 1527 abutuntur,
552 1460 643 1511 sed
677 1479 737 1512 eo
770 1461 983 1528 quidem
1008 1461 1390 1530 vehementiUS,
1421 1479 1489 1513 ne
1521 1462 1651 1513 mali
1685 1479 1882 1530 magno

196 1550 316 1584 cum
367 1533 689 1586 detrimento
747 1534 1011 1586 bonorum
1061 1537 1115 1587 et
1162 1535 1433 1587 communi
1483 1535 1722 1587 omnium
1768 1554 1884 1604 per-

192 1606 328 1658 nicie
361 1607 656 1674 plurimum
689 1608 920 1675 possint,
955 1627 1074 1660 cum
1105 1609 1427 1676 praesertim
1458 1608 1562 1660 hoc
1594 1609 1664 1660 sit
1703 1627 1884 1675 unum,
1909 1627 1952 1658 20

195 1679 335 1746 quod
378 1680 443 1730 ad
493 1698 676 1732 omnes
725 1699 810 1733 res
860 1684 912 1733 et
958 1682 1198 1750 privatas
1247 1685 1301 1734 et
1350 1681 1593 1750 publicas
1651 1682 1884 1734 maxime

192 1753 476 1821 pertineat,
515 1753 615 1805 hoc
647 1757 780 1823 tuta,
820 1754 923 1807 1100
954 1755 1198 1823 honesta,
1229 1755 1331 1808 hoc
1361 1755 1626 1824 inlustris,
1664 1755 1766 1808 hoc
1799 1773 1885 1808 eo-

194 1826 314 1877 dem
363 1827 476 1878 vita
521 1827 752 1880 iucunda
797 1828 906 1880 fiat.
986 1828 1129 1881 Nam
1175 1829 1301 1882 hinc
1350 1829 1416 1880 ad
1454 1847 1569 1881 rein
1608 1828 1883 1897 publicam

192 1899 425 1966 plurima
488 1901 767 1953 commoda
827 1902 1075 1969 veniunt,
1139 1903 1185 1954 si
1246 1902 1578 1954 moderatrix
1641 1903 1882 1954 omnium

192 1990 372 2024 rerum
419 1977 636 2041 praesto
686 1978 768 2026 est
810 1977 1095 2044 sapientia3
1146 1976 1271 2028 hinc
1311 1976 1376 2027 ad
1416 1977 1588 2044 ipsos,
1629 1975 1722 2044 qui
1762 1993 1880 2027 eam
1907 1993 1950 2025 25

193 2046 375 2114 adepti
408 2050 547 2114 sunt,
587 2048 722 2116 laUS,
754 2048 942 2116 1101108,
976 2046 1213 2119 dignitas
1252 2049 1494 2117 confluit3
1534 2049 1660 2101 hinc
1693 2049 1879 2101 amicis

194 2138 404 2187 quoque
457 2138 641 2172 eorum
682 2122 1044 2174 certissimum
1076 2126 1137 2174 et
1176 2123 1511 2174 tutissimum
1550 2123 1881 2192 praesidium

193 2196 551 2261 comparatur.
623 2195 703 2246 Ac
743 2196 877 2246 mihi
917 2197 1132 2264 quidem
1172 2196 1420 2248 videntur
1458 2196 1721 2264 homineS,
1761 2214 1881 2248 cum

193 2267 379 2318 multis
416 2268 576 2319 rebus
609 2268 925 2321 humiliores
959 2272 1012 2321 et
1044 2269 1365 2323 infirmiores
1400 2271 1522 2338 sint,
1553 2269 1655 2322 hac
1686 2287 1743 2321 re
1773 2288 1882 2322 ma-

190 2339 331 2391 xime
386 2340 576 2392 bestiis
634 2346 934 2410 praestare,
991 2343 1131 2411 quod
1178 2344 1328 2412 loqui
1374 2346 1619 2412 possunt.
1705 2341 1880 2404 Quare
1905 2360 1950 2392 30

193 2413 530 2480 praeclarum
579 2415 713 2466 mihi
747 2416 999 2484 quiddam
1029 2417 1242 2469 videtur
1275 2417 1545 2486 adeptus
1530 2436 1592 2484 18,
1633 2416 1737 2484 qui,
1777 2435 1882 2485 qua-

192 2503 249 2536 10
281 2486 528 2539 11011111108
562 2488 752 2540 bestiis
785 2493 1075 2558 praestent,
1117 2509 1178 2542 ea
1209 2491 1265 2542 in
1300 2509 1358 2542 10
1396 2490 1708 2542 hominibus
1746 2489 1880 2559 ipsis

193 2560 495 2612 antecellat.
589 2561 706 2614 Hoc
763 2563 808 2614 si
869 2563 1011 2615 forte
1073 2582 1182 2615 non
1235 2567 1431 2616 natura
1488 2563 1648 2616 modo
1707 2581 1881 2631 neque

194 2632 576 2686 exeicitatione
619 2636 913 2704 conficitur,
953 2655 1139 2689 verum
1180 2637 1344 2689 etiam
1385 2637 1612 2690 artificio
1649 2637 1880 2720 quodam

193 2710 558 2787 compalatur,
605 2727 714 2761 non
763 2710 996 2762 alienum
1046 2714 1128 2762 est
1174 2711 1376 2780 xidere,
1425 2729 1560 2779 quae
1608 2709 1789 2762 dicant
1825 2711 1880 2779 ii,
1905 2726 1949 2758 35

193 2778 285 2846 qui
350 2781 611 2847 quaedam
676 2783 787 2835 eius
842 2784 922 2835 rei
974 2788 1264 2852 praecepta
1317 2785 1476 2837 nobis
1531 2784 1879 2852 reliquerunt.

193 2851 297 2903 Sed
331 2857 618 2921 antequam
654 2856 715 2907 de
752 2858 1054 2926 praeceptis
1098 2858 1348 2910 oratoriis
1390 2858 1630 2925 (1101111118,
1670 2857 1883 2910 videtur
