2075 3235
193 179 247 219 79
522 171 699 215 LIBER
729 171 785 217 Π.
850 171 974 216 CAP.
1018 177 1204 216 {zo-21.
1269 177 1514 227 §59—62.
1767 176 1873 228 195

193 312 296 363 quo
344 292 502 345 modo
551 295 606 344 et
655 310 758 361 quo
808 296 1048 360 tempore
1097 295 1190 344 aut
1238 292 1329 362 agi
1377 296 1470 344 aut
1517 293 1742 346 iudicari
1782 299 1874 348 aut

193 366 320 436 quid
358 365 525 418 statui
565 366 628 417 de
670 384 731 418 ea
770 384 826 418 re
866 366 1166 419 conveniat.
1234 366 1296 418 Id
1336 384 1400 418 ex
1439 367 1685 434 partibus
1726 368 1872 437 iuriS,
1907 387 1958 426 61

192 441 255 492 de
303 439 494 507 quibus
541 442 666 508 post
715 439 992 492 dicendum
1042 443 1145 506 est,
1200 439 1338 492 sumi
1387 441 1658 508 oportebit
1700 445 1753 492 et
1793 460 1872 494 ra-

190 513 453 580 tiocinari,
487 513 612 580 quid
643 513 699 564 in
733 513 997 565 similibus
1031 514 1189 565 rebus
1222 513 1339 565 fieri
1373 514 1560 582 soleat,
1594 518 1647 566 et
1679 515 1872 583 videre,

147 604 166 636 5
189 590 374 639 utrum
405 587 613 639 malitia
648 587 819 656 [quid]
861 586 1007 639 aliud
1040 590 1245 654 agatur,
1288 587 1432 639 aliud
1467 588 1763 656 simuletur,
1804 607 1873 641 an

190 660 440 729 stultitia,
481 679 550 712 an
588 660 994 728 necessitudine,
1036 660 1177 729 quod
1219 660 1325 713 alio
1367 662 1524 713 modo
1566 679 1724 730 agere
1762 681 1873 714 non

187 734 375 804 possit,
416 752 484 786 an
525 735 803 787 occasione
845 733 1039 804 agendi
1081 734 1155 786 sic
1197 734 1267 785 sit
1307 734 1562 787 iudicium
1603 739 1697 788 aut
1730 736 1869 789 actio

189 808 500 876 constituta,
541 826 608 860 an
647 811 790 860 recte
832 807 945 859 sine
986 807 1098 858 ulla
1137 825 1193 859 re
1235 808 1497 860 eiusmodi
1535 827 1619 861 res
1663 813 1871 880 agatur.

188 880 360 934 Locus
395 885 573 934 autem
610 881 908 934 communis
943 884 1130 933 contra
1164 899 1299 949 eum,
1333 882 1424 950 qui
1456 883 1871 936 translationem

122 972 164 1003 10
188 955 422 1008 inducet:
469 955 654 1026 fugere
692 955 948 1007 iudicium
988 973 1047 1007 ac
1086 973 1338 1024 poenam,
1381 956 1505 1024 quia
1545 975 1735 1009 causae
1776 957 1870 1009 dif-

187 1029 332 1082 fidat.
410 1031 459 1081 A
498 1029 856 1081 translatione
897 1031 1098 1081 autem:
1148 1028 1385 1081 omnium
1434 1028 1550 1081 fore
1589 1031 1871 1099 perturba-

186 1104 406 1172 tionem,
447 1103 493 1156 si
530 1121 639 1156 non
676 1103 754 1155 ita
793 1121 878 1154 res
912 1106 1144 1172 agantur
1178 1107 1230 1155 et
1260 1103 1318 1154 in
1348 1103 1603 1155 iudicium
1636 1104 1871 1173 veniant,

187 1195 291 1246 quo
339 1180 499 1246 pacto
550 1179 820 1246 oporteat3
872 1176 975 1229 hoc
1024 1180 1127 1243 est,
1180 1177 1224 1228 si
1266 1180 1358 1228 aut
1399 1195 1519 1229 cum
1560 1196 1620 1230 eo
1663 1182 1870 1247 agatur,

188 1269 416 1320 quocum
461 1269 572 1303 non
619 1254 886 1318 oporteat,
939 1254 1030 1302 aut
1078 1250 1184 1302 alia
1230 1269 1425 1319 poena,
1478 1251 1583 1303 alio
1633 1252 1869 1321 crimine,

121 1341 162 1373 15
188 1324 294 1378 alio
334 1329 597 1393 tempore,
640 1328 799 1392 atque
839 1324 978 1376 hanc
1009 1324 1274 1376 rationem
1308 1324 1374 1376 ad
1405 1326 1869 1392 perturbationem

186 1398 502 1451 iudiciorum
552 1398 790 1450 omm‘um
840 1398 1121 1465 pertinere.
1201 1397 1331 1451 Tres
1372 1398 1540 1468 igitur
1577 1398 1709 1451 haec
1750 1418 1868 1452 con-

187 1472 510 1538 stitutioneS,
550 1489 684 1540 quae
723 1475 905 1540 partes
945 1490 1055 1524 non
1094 1471 1321 1540 habent,
1363 1472 1430 1524 ad
1469 1472 1610 1525 hunc
1651 1474 1866 1526 modum

184 1545 576 1598 tractabuntur.
617 1543 773 1598 Nunc
800 1546 1109 1615 generalem
1136 1545 1574 1612 constitutionem
1603 1550 1656 1598 et
1687 1552 1868 1616 partes

186 1619 297 1671 eius
338 1618 750 1672 consideremus
1886 1651 1953 1704 21

117 1709 159 1741 20
332 1691 467 1746 Cum
508 1696 562 1745 et
592 1692 736 1745 facto
770 1697 824 1745 et
854 1692 986 1746 facti
1016 1694 1232 1745 nomine
1267 1712 1517 1746 concesso
1549 1713 1722 1763 neque
1754 1695 1868 1747 ulla
1902 1727 1955 1766 62

185 1766 411 1819 actionis
431 1767 600 1818 inlata
625 1767 1004 1834 controversia,
1020 1768 1100 1820 vis
1129 1772 1180 1819 et
1203 1770 1400 1819 natura
1425 1772 1478 1820 et
1504 1785 1672 1838 genus
1697 1769 1866 1838 ipsius

182 1841 388 1910 negotii
413 1840 700 1909 quaeritur,
718 1841 1157 1893 constitutionem
1185 1842 1490 1912 generalem
1517 1843 1867 1911 appellamus

183 1913 358 1966 Huius
404 1914 607 1983 primas
658 1932 772 1967 esse
819 1918 1001 1984 partes
1044 1915 1175 1968 duas
1213 1916 1369 1968 nobis
1410 1915 1581 1968 videri
1621 1916 1868 1986 diximUS,

183 1989 513 2058 negotialem
563 1991 616 2041 et
666 1988 1032 2041 iuridicialem.
1109 1988 1416 2058 Negotialis
1468 1992 1572 2058 est,
1626 2008 1760 2058 quae
1811 1992 1869 2043 in

118 2077 159 2109 25
183 2062 302 2132 ipso
341 2063 561 2132 negotio
601 2062 732 2115 iuris
775 2063 944 2115 civilis
985 2063 1150 2115 habet
1189 2063 1524 2133 implicatam
1565 2067 1867 2117 controver-

186 2136 334 2189 siam.
410 2135 493 2188 Ea
533 2140 615 2188 est
653 2136 984 2189 huiusmodi:
1038 2136 1267 2200 Quidam
1306 2138 1578 2207 pupillum
1615 2138 1865 2191 heredem

183 2210 332 2277 fecit3
371 2210 610 2279 pupillus
653 2213 834 2263 autem
866 2214 990 2263 ante
1023 2214 1267 2263 mortuus
1302 2214 1398 2280 est,
1431 2230 1592 2280 quam
1624 2211 1680 2264 in
1713 2230 1866 2264 suam

184 2283 413 2336 tutelam
452 2283 612 2336 venit.
689 2283 770 2336 De
809 2284 1111 2337 hereditate
1153 2303 1235 2352 ea,
1277 2303 1413 2354 quae
1452 2285 1662 2354 pupillo
1702 2286 1864 2354 venit,

183 2358 324 2410 inter
364 2374 476 2425 008,
524 2357 614 2426 qui
652 2358 824 2427 patris
864 2359 1059 2428 pupilli
1098 2359 1320 2412 heredes
1363 2359 1578 2412 secundi
1619 2362 1764 2428 sunt,
1813 2364 1866 2412 et

116 2432 324 2484 sointer
372 2434 601 2501 agnatos
648 2432 840 2501 pupilli
881 2433 1247 2486 controversia
1288 2436 1384 2485 est.
1453 2432 1732 2485 Possessio
1777 2433 1864 2486 he-

185 2505 373 2557 redum
444 2504 796 2558 secundorum
875 2509 971 2559 est.
1055 2505 1293 2559 Intentio
1365 2509 1448 2559 est
1517 2509 1862 2577 agnatorum:

185 2577 407 2631 ‘Nostra
443 2579 669 2648 pecunia
710 2583 810 2648 est,
859 2579 922 2632 de
970 2599 1076 2649 qua
1114 2581 1184 2648 is,
1230 2581 1378 2633 cuius
1428 2580 1615 2651 agnati
1663 2599 1862 2649 sumUS,

183 2656 416 2705 testatus
462 2670 572 2705 non
618 2651 733 2706 est.'
809 2652 1068 2723 Depulsio
1118 2657 1223 2706 est:
1275 2653 1466 2706 ‘Immo
1514 2656 1724 2721 nostra,
1772 2656 1863 2724 qui

183 2726 404 2779 heredes
436 2729 763 2779 testamento
796 2727 969 2795 patris
1003 2727 1221 2780 sumus?
1278 2727 1532 2790 Quaestio
1574 2732 1679 2780 est:
1704 2726 1862 2782 Utro-

116 2815 158 2848 35
183 2819 302 2852 rum
351 2799 458 2852 sit?
534 2799 719 2852 Ratio:
769 2798 955 2853 ‘Pater
1002 2802 1144 2853 enim
1192 2804 1244 2853 et
1292 2801 1396 2854 sibi
1443 2805 1496 2854 et
1542 2801 1654 2855 filio
1700 2805 1862 2854 testa-

183 2877 424 2926 mentum
466 2873 696 2943 scripsit,
738 2873 862 2926 dum
902 2874 948 2926 is
988 2874 1225 2943 pupillus
1266 2878 1420 2927 esset.
1498 2874 1685 2944 Quare,
1727 2893 1861 2944 quae

183 2948 283 3000 filii
313 2948 546 3015 fuerunt,
578 2950 904 3000 testamento
938 2948 1109 3017 patris
1134 2950 1322 3001 nostra
1345 2948 1480 3002 fiant
1502 2966 1717 3002 necesse
1743 2951 1857 3001 est.'

1510 3034 1597 3079 13*
