2080 3204
168 942 223 980 49

257 85 330 135 42
827 80 908 124 AD
943 80 989 124 C.
1022 77 1391 122 HERENNIUM

259 208 420 273 atque
459 201 923 255 incommodorum
964 201 1336 266 consequatur.
1390 197 1623 260 Quartus
1663 199 1811 251 locus
1852 200 1956 263 est,-

258 297 362 348 quo
383 278 799 341 demonstratur,
827 275 871 325 si
894 273 1020 325 huic
1046 273 1118 324 sit
1142 272 1440 340 remissum,
1466 273 1638 324 multo
1659 271 1948 325 alacriores

260 352 327 403 ad
381 350 644 403 maleficia
686 348 922 414 futuros,
971 346 1112 414 quod
1160 345 1333 397 adhuc
1388 346 1719 414 exspectatio
1766 345 1951 397 iudicii

257 428 572 477 remoretur.
637 421 865 482 Quint-us
914 421 1065 471 locus
1108 422 1211 482 est,
1259 437 1354 487 per
1395 437 1553 487 quem
1602 419 1950 487 ostendimuS,

259 499 306 550 si
340 517 371 550 a
412 496 680 550 sententia
720 493 944 545 alterius
984 492 1278 544 iudicatum
1312 492 1396 560 sit,
1435 493 1641 544 nullam
1671 511 1786 544 rem
1817 491 1948 559 fore,
1994 507 2016 540 5

261 590 398 640 quae
431 567 770 622 incommodo
805 566 1007 618 mederi
1040 569 1133 617 aut
1166 569 1404 617 erratum
1446 566 1744 632 [iudicium]
1787 565 1948 618 corri-

259 663 385 715 gere
428 643 615 712 possit.
697 641 813 703 Quo
861 640 919 691 in
966 641 1085 692 loco
1132 658 1242 692 non
1286 639 1687 691 incommodum
1729 639 1831 691 erit
1870 639 1950 690 uti

259 722 560 770 ceterarum
599 733 778 767 rerum
830 713 1257 782 comparatione,
1305 716 1366 764 ut
1417 713 1764 765 ostendamus
1813 713 1948 764 alias
2017 762 2021 764 .

259 809 345 842 res
401 807 558 859 posse
615 792 708 840 aut
763 790 1036 840 vetustate
1097 787 1272 838 sedari
1323 790 1416 838 aut
1464 786 1689 838 consilio
1738 786 1950 856 corrigi,

257 864 417 916 huius
458 863 537 915 rei
585 865 679 915 aut
725 861 1003 913 leniendae
1052 865 1146 912 aut
1194 860 1542 930 corrigendae
1589 860 1797 912 nullam
1836 878 1950 911 rem
1975 877 2018 909 10

260 938 569 990 adiumento
594 936 849 988 futuram.
915 934 1108 987 Sextus
1134 935 1283 986 locus
1319 937 1414 1002 est,
1453 932 1550 1002 per
1584 952 1742 1002 quem
1775 936 1950 986 osten-

258 1012 431 1063 dimus
473 1029 536 1062 ex
578 1010 824 1062 consulto
864 1008 1067 1061 fact-um
1109 1011 1163 1060 et
1204 1007 1427 1060 dicimus
1469 1008 1777 1059 voluntario
1824 1007 1950 1059 faci-

256 1085 376 1137 nori
423 1085 630 1136 nullam
680 1083 1101 1148 excusationem,
1149 1081 1544 1150 imprudentiae
1594 1099 1710 1133 0550
1749 1081 1951 1133 iustam

260 1159 691 1228 deprecationem
718 1160 980 1225 paratam.
1045 1155 1318 1224 Septimus
1344 1157 1492 1207 locus
1520 1158 1617 1222 est,
1643 1173 1748 1223 quo
1774 1158 1951 1207 osten-

258 1233 434 1284 dimus
467 1236 704 1284 taetrum
744 1231 969 1298 facinus,
1011 1231 1246 1297 crudele,
1285 1229 1567 1296 nefarium,
1607 1229 1951 1297 tyrannicum
1976 1244 2018 1278 15

258 1325 398 1358 esse:
441 1305 584 1374 quod
625 1322 796 1374 genus
836 1304 1091 1355 iniuriam
1135 1303 1466 1369 [mulierum]
1510 1306 1604 1354 aut
1645 1320 1829 1354 earum
1869 1320 1948 1354 re·

256 1399 377 1431 rum
418 1379 644 1448 aliquid,
694 1397 921 1446 quarum
968 1396 1146 1429 rerum
1197 1396 1356 1429 causa
1396 1377 1542 1428 bella
1583 1376 1951 1444 suscipiuntur

259 1457 312 1505 et
353 1472 471 1506 cum
510 1452 760 1504 hostibus
796 1452 858 1503 de
890 1451 1005 1503 vita
1038 1451 1338 1503 dimicatur.
1403 1450 1636 1502 Octavus
1671 1451 1818 1502 locus
1852 1453 1949 1517 est,

258 1546 361 1595 quo
404 1526 735 1579 ostendimus
775 1544 886 1577 non
925 1525 1165 1594 vulgare,
1207 1524 1299 1576 sed
1334 1524 1608 1594 singulare
1641 1542 1757 1576 0550
1790 1525 1950 1575 male-

255 1601 458 1667 ficium,
509 1618 783 1668 spurcum,
822 1598 1111 1665 nefarium,
1150 1598 1496 1665 inusitatum,
1538 1616 1641 1665 quo
1683 1597 1948 1650 maturius
1975 1612 2017 1644 20

257 1678 311 1726 et
351 1673 586 1726 atrocius
628 1672 1005 1724 vindicandum
1047 1673 1131 1723 sit.
1208 1671 1399 1723 Nonus
1441 1672 1590 1723 locus
1631 1674 1846 1723 constat
1886 1689 1951 1724 ex

254 1751 597 1817 peccatorum
646 1746 1071 1815 comparatione,
1121 1745 1275 1813 quasi
1321 1764 1442 1797 cum
1490 1745 1726 1797 dicemus
1775 1745 1949 1797 maius

257 1840 374 1873 esse
415 1821 739 1873 maleficium
781 1823 1029 1889 stuprare
1077 1819 1371 1888 ingenuum
1420 1837 1580 1888 quam
1629 1837 1841 1871 sacrum
1881 1820 1950 1870 le-

258 1913 399 1965 gere,
426 1894 568 1963 quod
602 1895 833 1945 alterum
866 1897 1089 1962 propter
1123 1896 1437 1963 egestatem,
1464 1893 1695 1945 alterum
1729 1896 1951 1961 propter

254 1970 709 2036 intemperantem
765 1967 1074 2036 superbiam
1134 1968 1247 2019 fiat.
1322 1966 1576 2018 Decimus
1639 1967 1788 2018 100115
1853 1969 2017 2034 est,25

255 2061 350 2111 per
393 2060 550 2110 quem
592 2041 787 2108 omnia,
829 2059 963 2110 quae
1003 2041 1060 2092 111
1105 2041 1327 2110 negotio
1370 2040 1608 2109 gerundo
1661 2043 1783 2092 acta
1822 2044 1948 2092 sunt

257 2134 499 2184 quaeque
553 2133 668 2166 rem
716 2115 971 2182 consequi
1020 2114 1217 2181 solent,
1274 2132 1600 2182 exponemus
1651 2112 1846 2166 acriter
1897 2117 1950 2166 et

168 2221 234 2272 31
257 2189 542 2241 criminose
585 2192 638 2240 et
679 2188 990 2258 diligenter,
1038 2191 1098 2239 ut
1148 2187 1237 2257 agi
1283 2206 1369 2240 res
1420 2191 1473 2239 et
1513 2188 1630 2256 geri
1667 2187 1949 2257 negotium

167 2296 222 2335 50
256 2263 502 2315 videatur
541 2280 719 2314 rerum
760 2261 1202 2329 consequentium
1251 2262 1667 2314 enumeratione.
1744 2261 1950 2313 Miseri·

257 2337 438 2389 cordia
462 2335 888 2388 commovebitur
914 2335 1267 2403 auditoribUS,
1300 2335 1346 2386 si
1377 2336 1584 2387 variam
1606 2335 1949 2388 fortunarum
1973 2349 2015 2382 30

257 2410 738 2463 commutationem
795 2409 1052 2472 (1100111115,
1108 2409 1155 2460 51
1209 2409 1579 2475 ostendemus,
1641 2409 1700 2460 in
1755 2408 1948 2477 quibus

257 2484 552 2536 commodis
599 2483 859 2534 fuerimus
909 2483 1207 2550 quibusque
1255 2482 1312 2533 in
1358 2482 1712 2535 incommodis
1767 2482 1949 2550 51111115,

258 2557 682 2626 comparatione:
726 2557 786 2623 si,
828 2574 962 2624 quae
1001 2556 1158 2607 nobis
1201 2555 1384 2608 futura
1425 2556 1549 2624 sint,
1587 2555 1694 2608 nisi
1733 2573 1950 2608 causam

258 2631 665 2698 obtinuerimUS,
707 2630 1140 2681 enumerabimus
1175 2632 1229 2680 et
1264 2630 1628 2682 ostendemus:
1669 2629 1716 2681 si
1748 2629 1948 2698 suppli-

258 2704 499 2756 cabimus
552 2707 605 2755 et
655 2722 754 2756 nos
813 2704 912 2755 sub
974 2721 1181 2769 eorum,
1241 2721 1469 2770 quorum
1525 2703 1946 2755 misericordiam
1972 2716 2014 2749 35

258 2778 617 2846 captabimUS,
666 2779 996 2846 potestatem
1046 2776 1390 2828 subiciemus:
1449 2777 1515 2844 si,
1573 2776 1699 2845 quid
1746 2777 1947 2829 nostris

255 2851 589 2919 parentibUS,
629 2850 828 2921 liberis,
870 2850 1061 2902 ceteris
1094 2850 1411 2902 necessariis
1445 2868 1695 2903 casurum
1727 2850 1798 2902 sit
1829 2867 1949 2920 pro·
