2075 3235
163 1355 217 1396 38

164 2291 233 2345 28

252 123 323 174 90
811 119 891 163 AD
925 120 970 164 C.
1004 117 1368 163 HERENNIUM

249 241 429 295 nuisse
468 241 704 311 prodest,
746 243 837 293 aut
877 240 1101 308 longum
1142 241 1224 290 est
1265 241 1356 290 aut
1395 238 1634 309 ignobile
1675 241 1768 291 aut
1807 237 1921 307 pla-

249 334 378 368 num
410 334 519 368 non
550 317 732 383 potest
763 313 879 364 fieri
912 316 1003 363 aut
1034 311 1192 364 facile
1223 314 1405 380 potest
1436 311 1774 380 reprehendi3
1815 312 1921 377 [ut]

251 389 439 441 utilius
482 389 551 440 sit
591 387 795 440 occulte
834 385 1024 437 fecisse
1059 384 1427 452 suspitionem,
1469 403 1629 453 quam
1662 383 1924 437 eiusmodi

250 462 542 514 intendisse
583 460 896 526 orationem,
939 476 1074 526 quae
1113 457 1481 527 redarguatur.

397 534 736 587 Disiunctum
777 535 882 599 est,
931 549 1049 583 cum
1099 548 1305 599 eorum,
1352 531 1415 582 de
1455 530 1646 598 quibus
1685 530 1923 598 dicimuS,
1969 542 1990 575 5

253 612 345 661 aut
400 611 686 674 utrumque
735 608 828 657 aut
883 623 1047 656 unum
1104 604 1334 672 quidque
1390 606 1536 656 certo
1588 603 1924 656 concluditur

251 681 436 748 verhO,
495 680 591 732 sic:
655 678 912 747 ‘Populus
967 677 1243 729 Romanus
1298 675 1649 729 Numantiam
1711 676 1924 744 delevit,

250 753 643 822 Karthaginem
696 751 937 818 sustulit,
993 750 1312 803 Corinthum
1365 750 1594 818 disiecit,
1648 749 1924 819 Fregellas

251 827 456 880 evertit.
541 825 694 877 Nihil
744 825 1093 877 Numantinis
1148 824 1287 876 vires
1343 823 1583 892 corporis
1639 822 1925 875 auxiliatae

251 903 398 967 sunt,
463 899 600 950 nihil
655 897 1201 967 Karthaginiensibus
1259 897 1482 949 scientia
1543 896 1620 948 rei
1674 895 1924 948 militaris
1950 910 1992 941 10

251 973 557 1026 adiumento
619 972 751 1038 fuit,
813 971 950 1023 nihil
1013 969 1305 1023 Corinthiis
1380 970 1587 1022 erudita
1655 968 1925 1022 calliditas

249 1046 503 1116 praesidii
548 1046 696 1112 tulit,
744 1045 879 1096 nihil
927 1044 1262 1113 Fregellanis
1311 1061 1521 1096 morum
1568 1047 1622 1095 et
1667 1042 1927 1095 sermonis

252 1120 477 1173 societas
528 1119 798 1188 opitulata
847 1117 964 1170 cst.²
1042 1117 1204 1169 Item:
1253 1115 1499 1169 ‘Formae
1548 1116 1784 1186 dignitas
1834 1118 1927 1168 aut

249 1193 438 1246 morbo
459 1193 758 1245 deflorescit
778 1195 869 1243 aut
887 1194 1158 1244 vetustate
1177 1188 1571 1260 exstinguitur?
1604 1189 1709 1242 Hic
1726 1192 1928 1242 utrum-

253 1285 375 1335 que,
422 1267 479 1318 in
519 1266 790 1334 superiore
832 1265 1075 1333 exemplo
1122 1282 1285 1316 unam
1327 1281 1592 1332 quamque
1629 1281 1743 1316 rem
1783 1265 1926 1315 certo
1952 1274 1994 1307 15

250 1340 415 1392 verbo
465 1339 708 1392 concludi
754 1338 1010 1391 videmus
1088 1336 1404 1390 Coniunctio
1453 1340 1555 1405 est,
1602 1352 1722 1389 cum
1767 1335 1930 1388 inter-

250 1413 518 1483 positione
574 1412 723 1464 verbi
771 1415 824 1463 et
880 1411 1179 1480 superiores
1233 1413 1416 1479 partes
1472 1410 1735 1463 orationis
1790 1427 1929 1462 com-

250 1486 654 1555 prehenduntur
681 1488 733 1537 et
757 1484 1052 1551 inferioreS,
1077 1484 1179 1536 hoc
1204 1484 1384 1536 modo:
1418 1482 1663 1536 ‘Formae
1690 1482 1927 1553 dignitas

252 1563 344 1612 aut
382 1560 571 1611 morbo
622 1558 923 1610 deflorescit
973 1561 1066 1610 aut
1112 1555 1419 1609 vetustate.’
1494 1556 1782 1608 Adiunctio
1832 1559 1928 1619 est,

251 1651 371 1685 cum
395 1633 632 1699 verbum,
660 1650 763 1700 quo
789 1649 874 1683 res
895 1630 1377 1699 comprehenditur,
1393 1647 1501 1682 non
1518 1628 1928 1698 interponimuS,
1952 1642 1995 1675 20

252 1706 344 1758 sed
377 1709 470 1758 aut
502 1706 734 1774 primum
771 1708 863 1757 aut
895 1708 1228 1773 postremum
1261 1705 1617 1756 conlocamus.
1687 1702 1927 1755 Primum

251 1779 352 1832 hoc
386 1782 568 1848 pacto:
611 1778 948 1830 ‘Deflorescit
977 1777 1181 1830 formae
1215 1777 1452 1847 dignitas
1487 1779 1580 1829 aut
1612 1776 1800 1829 morbo
1835 1779 1928 1828 aut

251 1850 556 1905 vetustate?
625 1851 966 1904 Postremum
1003 1851 1097 1904 sic:
1139 1850 1273 1903 ‘Aut
1311 1851 1500 1903 morbo
1534 1853 1627 1902 aut
1658 1852 1927 1902 vetustate

252 1926 458 1978 formae
493 1926 731 1995 dignitas
760 1923 1093 1977 deflorescit?
1150 1923 1235 1976 Ad
1259 1923 1614 1976 festivitatem
1641 1922 1925 1975 disiunctio

254 2002 335 2051 est
399 1999 674 2067 adposita,
738 2017 900 2065 quare
962 1998 1135 2050 rarius
1197 2000 1431 2063 utemur,
1491 2014 1558 2049 ne
1620 1996 1927 2048 satietatem
1951 2008 1994 2041 25

251 2072 452 2140 pariat3
504 2072 570 2123 ad
617 2072 936 2123 brevitatem
989 2070 1312 2138 coniunctiO,
1369 2087 1534 2138 quare
1582 2069 1793 2138 saepius
1841 2069 1928 2121 ad-

252 2145 484 2196 hibenda
519 2147 615 2196 est.
673 2144 812 2209 [Hae
845 2147 954 2196 tres
990 2143 1364 2216 exornationes
1390 2143 1453 2195 de
1479 2142 1711 2212 simplici
1735 2159 1928 2211 genere

252 2219 513 2283 manant].

401 2290 807 2359 Conduplicatio
850 2294 929 2342 est
971 2309 1089 2342 cum
1121 2290 1331 2343 ratione
1365 2287 1800 2358 amplificationis
1833 2291 1929 2341 aut

255 2364 738 2416 commiserationis
781 2364 1015 2415 eiusdem
1056 2363 1211 2416 unius
1244 2366 1338 2415 aut
1376 2362 1612 2431 plurium
1642 2362 1927 2415 verborum
1950 2375 1992 2408 30

252 2438 486 2503 iteratiO,
525 2437 626 2489 hoc
659 2437 839 2489 modo:
882 2435 1200 2501 ‘Tumultus
1243 2435 1345 2502 [0.]
1381 2435 1622 2502 Gracchi,
1660 2435 1926 2487 tumultus

254 2511 573 2563 domesticos
607 2514 661 2562 et
691 2510 976 2562 intestinos
1010 2507 1328 2578 comparat?
1391 2508 1551 2561 Item:
1592 2507 1926 2561 ‘Commotus

252 2601 358 2635 non
413 2601 490 2651 eS,
537 2601 655 2635 cum
703 2583 805 2635 tibi
843 2587 1014 2635 mater
1059 2583 1219 2651 pedes
1261 2582 1677 2650 amplexaretur,
1721 2598 1831 2633 non
1870 2598 1925 2633 es

255 2660 556 2708 commotus
568 2655 615 2707 ΤΡ
668 2655 835 2708 Item:
875 2655 1050 2708 ‘Nunc
1075 2656 1235 2708 audes
1262 2655 1424 2707 etiam
1450 2655 1629 2707 venire
1653 2654 1711 2705 in
1732 2653 1926 2706 horum

255 2733 614 2797 conspectum,
654 2729 898 2797 proditor
937 2728 1181 2798 patriae?
1258 2727 1524 2795 Proditor,
1563 2727 1798 2795 inquam,
1835 2744 1926 2795 pa·
1949 2738 1993 2771 35

254 2802 404 2868 triae,
431 2802 609 2854 venire
636 2802 797 2854 audes
822 2802 878 2853 in
902 2802 1094 2854 horum
1120 2803 1461 2870 conspectum
1473 2799 1519 2852 ‘?'
1567 2799 1927 2852 Vehementer

254 2874 552 2926 auditorem
605 2878 905 2927 commovet
960 2874 1193 2927 eiusdem
1241 2873 1628 2943 redintegratio
1675 2871 1827 2924 verbi
1873 2874 1927 2923 et
