<?xml version="1.0" encoding="UTF-8"?>
<!DOCTYPE html PUBLIC "-//W3C//DTD XHTML 1.0 Transitional//EN"
    "http://www.w3.org/TR/xhtml1/DTD/xhtml1-transitional.dtd">
<html xmlns="http://www.w3.org/1999/xhtml" xml:lang="en" lang="en">
 <head>
  <title>
</title>
<meta http-equiv="Content-Type" content="text/html;charset=utf-8" />
  <meta name='ocr-system' content='tesseract 3.04.00' />
  <meta name='ocr-capabilities' content='ocr_page ocr_carea ocr_par ocr_line ocrx_word'/>
</head>
<body>
  <div class='ocr_page' id='page_1' title='image "./p1scriptaquaemanse01ciceuoft_0356.png"; bbox 0 0 2075 3235; ppageno 0'>
   <div class='ocr_carea' id='block_1_1' title="bbox 219 116 1891 186">
    <p class='ocr_par' dir='ltr' id='par_1_1' title="bbox 219 116 1891 186">
     <span class='ocr_line' id='line_1_1' title="bbox 219 116 1891 186; baseline -0.003 -1"><span class='ocrx_word' id='word_1_1' title='bbox 219 136 326 186; x_wconf 76' lang='lat'>224</span> <span class='ocrx_word' id='word_1_2' title='bbox 806 134 884 177; x_wconf 83' lang='lat' dir='ltr'>DE</span> <span class='ocrx_word' id='word_1_3' title='bbox 918 133 1294 178; x_wconf 79' lang='lat' dir='ltr'>INVENTIONE</span> <span class='ocrx_word' id='word_1_4' title='bbox 1375 116 1381 121; x_wconf 77' lang='grc'><strong>’</strong></span> <span class='ocrx_word' id='word_1_5' title='bbox 1478 175 1485 181; x_wconf 90' lang='grc'><em>.</em></span> <span class='ocrx_word' id='word_1_6' title='bbox 1806 139 1891 180; x_wconf 87' lang='lat'>108</span> 
     </span>
    </p>
   </div>
   <div class='ocr_carea' id='block_1_2' title="bbox 137 252 2047 2953">
    <p class='ocr_par' dir='ltr' id='par_1_2' title="bbox 137 252 2047 2368">
     <span class='ocr_line' id='line_1_2' title="bbox 220 252 1891 323; baseline 0 -17"><span class='ocrx_word' id='word_1_7' title='bbox 220 258 273 305; x_wconf 87' lang='lat' dir='ltr'>et</span> <span class='ocrx_word' id='word_1_8' title='bbox 316 273 458 320; x_wconf 89' lang='lat' dir='ltr'>eum,</span> <span class='ocrx_word' id='word_1_9' title='bbox 510 255 600 323; x_wconf 93' lang='lat' dir='ltr'>qui</span> <span class='ocrx_word' id='word_1_10' title='bbox 638 255 866 306; x_wconf 87' lang='lat' dir='ltr'>honesta</span> <span class='ocrx_word' id='word_1_11' title='bbox 907 257 997 304; x_wconf 91' lang='lat' dir='ltr'>aut</span> <span class='ocrx_word' id='word_1_12' title='bbox 1036 252 1337 304; x_wconf 87' lang='lat' dir='ltr'>necessaria</span> <span class='ocrx_word' id='word_1_13' title='bbox 1376 252 1438 304; x_wconf 91' lang='lat' dir='ltr'>de</span> <span class='ocrx_word' id='word_1_14' title='bbox 1478 271 1638 305; x_wconf 90' lang='lat' dir='ltr'>causa</span> <span class='ocrx_word' id='word_1_15' title='bbox 1677 271 1785 305; x_wconf 91' lang='lat' dir='ltr'>non</span> <span class='ocrx_word' id='word_1_16' title='bbox 1824 254 1891 306; x_wconf 89' lang='lat' dir='ltr'>ab</span> 
     </span>
     <span class='ocr_line' id='line_1_3' title="bbox 221 326 1891 394; baseline 0 -16"><span class='ocrx_word' id='word_1_17' title='bbox 221 327 509 394; x_wconf 88' lang='lat' dir='ltr'>sententia,</span> <span class='ocrx_word' id='word_1_18' title='bbox 561 328 651 378; x_wconf 89' lang='lat' dir='ltr'>sed</span> <span class='ocrx_word' id='word_1_19' title='bbox 701 328 767 378; x_wconf 92' lang='lat' dir='ltr'>ab</span> <span class='ocrx_word' id='word_1_20' title='bbox 815 327 1010 377; x_wconf 89' lang='lat' dir='ltr'>litteris</span> <span class='ocrx_word' id='word_1_21' title='bbox 1060 326 1194 393; x_wconf 84' lang='lat' dir='ltr'>legis</span> <span class='ocrx_word' id='word_1_22' title='bbox 1243 326 1543 389; x_wconf 86' lang='lat' dir='ltr'>recesserit3</span> <span class='ocrx_word' id='word_1_23' title='bbox 1599 329 1761 394; x_wconf 91' lang='lat' dir='ltr'>atque</span> <span class='ocrx_word' id='word_1_24' title='bbox 1806 326 1891 378; x_wconf 87' lang='lat' dir='ltr'>his</span> 
     </span>
     <span class='ocr_line' id='line_1_4' title="bbox 221 398 1893 466; baseline 0 -15"><span class='ocrx_word' id='word_1_25' title='bbox 221 404 274 451; x_wconf 89' lang='lat' dir='ltr'>et</span> <span class='ocrx_word' id='word_1_26' title='bbox 319 401 626 451; x_wconf 86' lang='lat' dir='ltr'>huiusmodi</span> <span class='ocrx_word' id='word_1_27' title='bbox 674 399 972 450; x_wconf 84' lang='lat' dir='ltr'>rationibus</span> <span class='ocrx_word' id='word_1_28' title='bbox 1021 401 1074 449; x_wconf 93' lang='lat' dir='ltr'>et</span> <span class='ocrx_word' id='word_1_29' title='bbox 1123 398 1289 466; x_wconf 81' lang='lat' dir='ltr'>accipi</span> <span class='ocrx_word' id='word_1_30' title='bbox 1337 416 1551 450; x_wconf 90' lang='lat' dir='ltr'>causam</span> <span class='ocrx_word' id='word_1_31' title='bbox 1599 403 1652 450; x_wconf 90' lang='lat' dir='ltr'>et</span> <span class='ocrx_word' id='word_1_32' title='bbox 1699 399 1756 451; x_wconf 90' lang='lat' dir='ltr'>in</span> <span class='ocrx_word' id='word_1_33' title='bbox 1792 398 1893 452; x_wconf 87' lang='lat' dir='ltr'>hac</span> 
     </span>
     <span class='ocr_line' id='line_1_5' title="bbox 222 471 1893 541; baseline 0 -17"><span class='ocrx_word' id='word_1_34' title='bbox 222 474 338 541; x_wconf 85' lang='lat' dir='ltr'>lege</span> <span class='ocrx_word' id='word_1_35' title='bbox 379 474 546 540; x_wconf 82' lang='lat' dir='ltr'>accipi</span> <span class='ocrx_word' id='word_1_36' title='bbox 586 476 638 523; x_wconf 89' lang='lat' dir='ltr'>et</span> <span class='ocrx_word' id='word_1_37' title='bbox 679 490 796 523; x_wconf 91' lang='lat' dir='ltr'>eam</span> <span class='ocrx_word' id='word_1_38' title='bbox 837 489 1073 537; x_wconf 89' lang='lat' dir='ltr'>causam,</span> <span class='ocrx_word' id='word_1_39' title='bbox 1115 489 1274 537; x_wconf 90' lang='lat' dir='ltr'>quam</span> <span class='ocrx_word' id='word_1_40' title='bbox 1314 471 1428 539; x_wconf 89' lang='lat' dir='ltr'>ipse</span> <span class='ocrx_word' id='word_1_41' title='bbox 1469 471 1698 539; x_wconf 86' lang='lat' dir='ltr'>adferat,</span> <span class='ocrx_word' id='word_1_42' title='bbox 1738 490 1893 540; x_wconf 88' lang='lat' dir='ltr'>opor-</span> 
     </span>
     <span class='ocr_line' id='line_1_6' title="bbox 137 543 1960 613; baseline -0.001 -16"><span class='ocrx_word' id='word_1_43' title='bbox 137 550 333 603; x_wconf 77' lang='lat' dir='ltr'>142tere</span> <span class='ocrx_word' id='word_1_44' title='bbox 383 546 549 613; x_wconf 80' lang='lat' dir='ltr'>accipi</span> <span class='ocrx_word' id='word_1_45' title='bbox 593 544 997 596; x_wconf 76' lang='lat' dir='ltr'>demonstrabit.</span> <span class='ocrx_word' id='word_1_46' title='bbox 1073 543 1146 594; x_wconf 88' lang='lat' dir='ltr'>Et</span> <span class='ocrx_word' id='word_1_47' title='bbox 1187 543 1632 611; x_wconf 84' lang='lat' dir='ltr'>quemadmodum</span> <span class='ocrx_word' id='word_1_48' title='bbox 1671 544 1719 596; x_wconf 90' lang='lat' dir='ltr'>ei</span> <span class='ocrx_word' id='word_1_49' title='bbox 1758 545 1892 597; x_wconf 89' lang='lat' dir='ltr'>dice·</span> <span class='ocrx_word' id='word_1_50' title='bbox 1937 559 1960 591; x_wconf 80' lang='lat'>⁵</span> 
     </span>
     <span class='ocr_line' id='line_1_7' title="bbox 221 616 1893 685; baseline -0.001 -15"><span class='ocrx_word' id='word_1_51' title='bbox 221 620 431 684; x_wconf 88' lang='lat' dir='ltr'>bamus,</span> <span class='ocrx_word' id='word_1_52' title='bbox 480 617 569 685; x_wconf 92' lang='lat' dir='ltr'>qui</span> <span class='ocrx_word' id='word_1_53' title='bbox 618 618 683 668; x_wconf 87' lang='lat' dir='ltr'>ab</span> <span class='ocrx_word' id='word_1_54' title='bbox 732 618 933 685; x_wconf 90' lang='lat' dir='ltr'>scripto</span> <span class='ocrx_word' id='word_1_55' title='bbox 976 617 1194 684; x_wconf 88' lang='lat' dir='ltr'>diceret,</span> <span class='ocrx_word' id='word_1_56' title='bbox 1240 616 1339 668; x_wconf 89' lang='lat' dir='ltr'>hoc</span> <span class='ocrx_word' id='word_1_57' title='bbox 1378 616 1492 668; x_wconf 91' lang='lat' dir='ltr'>fore</span> <span class='ocrx_word' id='word_1_58' title='bbox 1530 617 1893 685; x_wconf 88' lang='lat' dir='ltr'>utilissimum,</span> 
     </span>
     <span class='ocr_line' id='line_1_8' title="bbox 222 690 1893 759; baseline -0.001 -16"><span class='ocrx_word' id='word_1_59' title='bbox 222 692 268 743; x_wconf 90' lang='lat' dir='ltr'>si</span> <span class='ocrx_word' id='word_1_60' title='bbox 316 691 440 759; x_wconf 88' lang='lat' dir='ltr'>quid</span> <span class='ocrx_word' id='word_1_61' title='bbox 489 691 550 740; x_wconf 91' lang='lat' dir='ltr'>de</span> <span class='ocrx_word' id='word_1_62' title='bbox 591 690 860 758; x_wconf 89' lang='lat' dir='ltr'>aequitate</span> <span class='ocrx_word' id='word_1_63' title='bbox 901 708 983 756; x_wconf 92' lang='lat' dir='ltr'>ea,</span> <span class='ocrx_word' id='word_1_64' title='bbox 1032 708 1165 756; x_wconf 89' lang='lat' dir='ltr'>quae</span> <span class='ocrx_word' id='word_1_65' title='bbox 1206 708 1323 741; x_wconf 91' lang='lat' dir='ltr'>cum</span> <span class='ocrx_word' id='word_1_66' title='bbox 1365 690 1668 741; x_wconf 87' lang='lat' dir='ltr'>adversario</span> <span class='ocrx_word' id='word_1_67' title='bbox 1710 693 1893 757; x_wconf 87' lang='lat' dir='ltr'>staret,</span> 
     </span>
     <span class='ocr_line' id='line_1_9' title="bbox 223 763 1894 832; baseline -0.001 -17"><span class='ocrx_word' id='word_1_68' title='bbox 223 765 549 832; x_wconf 69' lang='lat' dir='ltr'>derogasset,</span> <span class='ocrx_word' id='word_1_69' title='bbox 594 765 668 814; x_wconf 91' lang='lat' dir='ltr'>sic</span> <span class='ocrx_word' id='word_1_70' title='bbox 708 763 844 829; x_wconf 89' lang='lat' dir='ltr'>huic,</span> <span class='ocrx_word' id='word_1_71' title='bbox 885 764 972 830; x_wconf 90' lang='lat' dir='ltr'>qui</span> <span class='ocrx_word' id='word_1_72' title='bbox 1014 766 1199 814; x_wconf 88' lang='lat' dir='ltr'>contra</span> <span class='ocrx_word' id='word_1_73' title='bbox 1240 763 1499 831; x_wconf 88' lang='lat' dir='ltr'>scriptum</span> <span class='ocrx_word' id='word_1_74' title='bbox 1539 763 1692 831; x_wconf 89' lang='lat' dir='ltr'>dicet,</span> <span class='ocrx_word' id='word_1_75' title='bbox 1730 763 1894 832; x_wconf 88' lang='lat' dir='ltr'>pluri-</span> 
     </span>
     <span class='ocr_line' id='line_1_10' title="bbox 222 836 1895 904; baseline 0 -16"><span class='ocrx_word' id='word_1_76' title='bbox 222 856 368 888; x_wconf 90' lang='lat' dir='ltr'>mum</span> <span class='ocrx_word' id='word_1_77' title='bbox 408 836 661 904; x_wconf 89' lang='lat' dir='ltr'>proderit,</span> <span class='ocrx_word' id='word_1_78' title='bbox 701 854 764 887; x_wconf 84' lang='lat' dir='ltr'>ex</span> <span class='ocrx_word' id='word_1_79' title='bbox 796 837 915 903; x_wconf 88' lang='lat' dir='ltr'>ipsa</span> <span class='ocrx_word' id='word_1_80' title='bbox 947 837 1213 903; x_wconf 88' lang='lat' dir='ltr'>scriptura</span> <span class='ocrx_word' id='word_1_81' title='bbox 1246 836 1446 903; x_wconf 88' lang='lat' dir='ltr'>aliquid</span> <span class='ocrx_word' id='word_1_82' title='bbox 1486 836 1552 887; x_wconf 91' lang='lat' dir='ltr'>ad</span> <span class='ocrx_word' id='word_1_83' title='bbox 1585 853 1737 887; x_wconf 90' lang='lat' dir='ltr'>suam</span> <span class='ocrx_word' id='word_1_84' title='bbox 1777 854 1895 888; x_wconf 87' lang='lat' dir='ltr'>cau-</span> 
     </span>
     <span class='ocr_line' id='line_1_11' title="bbox 224 909 1962 978; baseline -0.002 -18"><span class='ocrx_word' id='word_1_85' title='bbox 224 928 337 961; x_wconf 85' lang='lat' dir='ltr'>sam</span> <span class='ocrx_word' id='word_1_86' title='bbox 385 913 693 960; x_wconf 78' lang='lat' dir='ltr'>convertere</span> <span class='ocrx_word' id='word_1_87' title='bbox 741 912 833 959; x_wconf 92' lang='lat' dir='ltr'>aut</span> <span class='ocrx_word' id='word_1_88' title='bbox 882 909 1130 977; x_wconf 83' lang='lat' dir='ltr'>ambigue</span> <span class='ocrx_word' id='word_1_89' title='bbox 1181 909 1381 976; x_wconf 88' lang='lat' dir='ltr'>aliquid</span> <span class='ocrx_word' id='word_1_90' title='bbox 1421 909 1680 978; x_wconf 89' lang='lat' dir='ltr'>scriptum</span> <span class='ocrx_word' id='word_1_91' title='bbox 1719 911 1894 961; x_wconf 90' lang='lat' dir='ltr'>osten·</span> <span class='ocrx_word' id='word_1_92' title='bbox 1920 925 1962 956; x_wconf 81' lang='grc' dir='ltr'>ιο</span> 
     </span>
     <span class='ocr_line' id='line_1_12' title="bbox 223 982 1897 1051; baseline 0.001 -18"><span class='ocrx_word' id='word_1_93' title='bbox 223 983 366 1050; x_wconf 80' lang='lat' dir='ltr'>dere3</span> <span class='ocrx_word' id='word_1_94' title='bbox 416 982 602 1033; x_wconf 89' lang='lat' dir='ltr'>deinde</span> <span class='ocrx_word' id='word_1_95' title='bbox 649 1000 712 1032; x_wconf 84' lang='lat' dir='ltr'>ex</span> <span class='ocrx_word' id='word_1_96' title='bbox 751 982 847 1033; x_wconf 94' lang='lat' dir='ltr'>illo</span> <span class='ocrx_word' id='word_1_97' title='bbox 890 982 1142 1051; x_wconf 81' lang='lat' dir='ltr'>ambiguo</span> <span class='ocrx_word' id='word_1_98' title='bbox 1185 1000 1301 1032; x_wconf 90' lang='lat' dir='ltr'>eam</span> <span class='ocrx_word' id='word_1_99' title='bbox 1340 985 1573 1049; x_wconf 86' lang='lat' dir='ltr'>partem,</span> <span class='ocrx_word' id='word_1_100' title='bbox 1620 999 1754 1050; x_wconf 89' lang='lat' dir='ltr'>quae</span> <span class='ocrx_word' id='word_1_101' title='bbox 1793 982 1897 1034; x_wconf 85' lang='lat' dir='ltr'>sibi</span> 
     </span>
     <span class='ocr_line' id='line_1_13' title="bbox 222 1055 1896 1124; baseline 0.001 -18"><span class='ocrx_word' id='word_1_102' title='bbox 222 1056 416 1124; x_wconf 88' lang='lat' dir='ltr'>prosit,</span> <span class='ocrx_word' id='word_1_103' title='bbox 473 1055 749 1106; x_wconf 88' lang='lat' dir='ltr'>defendere</span> <span class='ocrx_word' id='word_1_104' title='bbox 805 1058 897 1106; x_wconf 90' lang='lat' dir='ltr'>aut</span> <span class='ocrx_word' id='word_1_105' title='bbox 943 1055 1091 1106; x_wconf 87' lang='lat' dir='ltr'>verbi</span> <span class='ocrx_word' id='word_1_106' title='bbox 1139 1055 1502 1107; x_wconf 89' lang='lat' dir='ltr'>definitionem</span> <span class='ocrx_word' id='word_1_107' title='bbox 1547 1055 1795 1107; x_wconf 89' lang='lat' dir='ltr'>inducere</span> <span class='ocrx_word' id='word_1_108' title='bbox 1841 1058 1896 1107; x_wconf 89' lang='lat' dir='ltr'>et</span> 
     </span>
     <span class='ocr_line' id='line_1_14' title="bbox 221 1128 1922 1196; baseline 0.001 -17"><span class='ocrx_word' id='word_1_109' title='bbox 221 1129 367 1179; x_wconf 91' lang='lat' dir='ltr'>illius</span> <span class='ocrx_word' id='word_1_110' title='bbox 408 1129 557 1179; x_wconf 85' lang='lat' dir='ltr'>verbi</span> <span class='ocrx_word' id='word_1_111' title='bbox 589 1129 710 1193; x_wconf 84' lang='lat' dir='ltr'>vim,</span> <span class='ocrx_word' id='word_1_112' title='bbox 751 1147 854 1195; x_wconf 86' lang='lat' dir='ltr'>quo</span> <span class='ocrx_word' id='word_1_113' title='bbox 887 1128 1103 1196; x_wconf 82' lang='lat' dir='ltr'>urgueri</span> <span class='ocrx_word' id='word_1_114' title='bbox 1134 1128 1394 1195; x_wconf 87' lang='lat' dir='ltr'>videatur,</span> <span class='ocrx_word' id='word_1_115' title='bbox 1434 1128 1500 1180; x_wconf 92' lang='lat' dir='ltr'>ad</span> <span class='ocrx_word' id='word_1_116' title='bbox 1541 1146 1666 1180; x_wconf 89' lang='lat' dir='ltr'>suae</span> <span class='ocrx_word' id='word_1_117' title='bbox 1706 1146 1922 1194; x_wconf 32' lang='lat' dir='ltr'>causae,</span> 
     </span>
     <span class='ocr_line' id='line_1_15' title="bbox 224 1201 1896 1270; baseline 0 -17"><span class='ocrx_word' id='word_1_118' title='bbox 224 1202 560 1253; x_wconf 90' lang='lat' dir='ltr'>commodum</span> <span class='ocrx_word' id='word_1_119' title='bbox 626 1202 904 1253; x_wconf 76' lang='lat' dir='ltr'>traducere</span> <span class='ocrx_word' id='word_1_120' title='bbox 959 1205 1050 1252; x_wconf 90' lang='lat' dir='ltr'>aut</span> <span class='ocrx_word' id='word_1_121' title='bbox 1106 1219 1168 1251; x_wconf 87' lang='lat' dir='ltr'>ex</span> <span class='ocrx_word' id='word_1_122' title='bbox 1223 1201 1421 1269; x_wconf 88' lang='lat' dir='ltr'>scripto</span> <span class='ocrx_word' id='word_1_123' title='bbox 1475 1220 1584 1253; x_wconf 92' lang='lat' dir='ltr'>non</span> <span class='ocrx_word' id='word_1_124' title='bbox 1639 1201 1896 1270; x_wconf 86' lang='lat' dir='ltr'>scriptum</span> 
     </span>
     <span class='ocr_line' id='line_1_16' title="bbox 224 1274 1964 1344; baseline 0 -18"><span class='ocrx_word' id='word_1_125' title='bbox 224 1275 423 1342; x_wconf 82' lang='lat' dir='ltr'>aliquid</span> <span class='ocrx_word' id='word_1_126' title='bbox 461 1275 708 1326; x_wconf 88' lang='lat' dir='ltr'>inducere</span> <span class='ocrx_word' id='word_1_127' title='bbox 748 1293 842 1343; x_wconf 90' lang='lat' dir='ltr'>per</span> <span class='ocrx_word' id='word_1_128' title='bbox 881 1274 1367 1342; x_wconf 72' lang='lat' dir='ltr'>ratiocinationem,</span> <span class='ocrx_word' id='word_1_129' title='bbox 1415 1274 1479 1326; x_wconf 89' lang='lat' dir='ltr'>de</span> <span class='ocrx_word' id='word_1_130' title='bbox 1519 1293 1623 1342; x_wconf 90' lang='lat' dir='ltr'>qua</span> <span class='ocrx_word' id='word_1_131' title='bbox 1658 1278 1784 1344; x_wconf 89' lang='lat' dir='ltr'>post</span> <span class='ocrx_word' id='word_1_132' title='bbox 1821 1275 1896 1326; x_wconf 90' lang='lat' dir='ltr'>di·</span> <span class='ocrx_word' id='word_1_133' title='bbox 1921 1289 1964 1322; x_wconf 88' lang='lat'>15</span> 
     </span>
     <span class='ocr_line' id='line_1_17' title="bbox 140 1347 1898 1415; baseline 0.001 -16"><span class='ocrx_word' id='word_1_134' title='bbox 140 1367 416 1407; x_wconf 82' lang='lat' dir='ltr'>143cemuS.</span> <span class='ocrx_word' id='word_1_135' title='bbox 509 1348 908 1415; x_wconf 78' lang='lat' dir='ltr'>Quamcumque</span> <span class='ocrx_word' id='word_1_136' title='bbox 964 1351 1143 1399; x_wconf 90' lang='lat' dir='ltr'>autem</span> <span class='ocrx_word' id='word_1_137' title='bbox 1196 1366 1336 1415; x_wconf 88' lang='lat' dir='ltr'>rem,</span> <span class='ocrx_word' id='word_1_138' title='bbox 1399 1347 1641 1415; x_wconf 84' lang='lat' dir='ltr'>quamvis</span> <span class='ocrx_word' id='word_1_139' title='bbox 1706 1348 1898 1400; x_wconf 83' lang='lat' dir='ltr'>leviter</span> 
     </span>
     <span class='ocr_line' id='line_1_18' title="bbox 224 1420 2047 1490; baseline 0.002 -18"><span class='ocrx_word' id='word_1_140' title='bbox 224 1421 583 1490; x_wconf 84' lang='lat' dir='ltr'>probabilem,</span> <span class='ocrx_word' id='word_1_141' title='bbox 649 1423 850 1490; x_wconf 90' lang='lat' dir='ltr'>scripto</span> <span class='ocrx_word' id='word_1_142' title='bbox 904 1422 1022 1489; x_wconf 91' lang='lat' dir='ltr'>ipso</span> <span class='ocrx_word' id='word_1_143' title='bbox 1078 1420 1395 1488; x_wconf 88' lang='lat' dir='ltr'>defenderit,</span> <span class='ocrx_word' id='word_1_144' title='bbox 1455 1439 1574 1473; x_wconf 91' lang='lat' dir='ltr'>cum</span> <span class='ocrx_word' id='word_1_145' title='bbox 1629 1421 1898 1489; x_wconf 89' lang='lat' dir='ltr'>aequitate</span> <span class='ocrx_word' id='word_1_146' title='bbox 1992 1464 2047 1475; x_wconf 46' lang='lat' dir='ltr'><em>f</em></span> 
     </span>
     <span class='ocr_line' id='line_1_19' title="bbox 225 1494 1895 1562; baseline 0 -16"><span class='ocrx_word' id='word_1_147' title='bbox 225 1513 384 1547; x_wconf 90' lang='lat' dir='ltr'>causa</span> <span class='ocrx_word' id='word_1_148' title='bbox 439 1495 754 1561; x_wconf 85' lang='lat' dir='ltr'>abundabit,</span> <span class='ocrx_word' id='word_1_149' title='bbox 815 1494 1113 1546; x_wconf 87' lang='lat' dir='ltr'>necessario</span> <span class='ocrx_word' id='word_1_150' title='bbox 1170 1494 1401 1545; x_wconf 90' lang='lat' dir='ltr'>multum</span> <span class='ocrx_word' id='word_1_151' title='bbox 1454 1494 1719 1562; x_wconf 88' lang='lat' dir='ltr'>proficiet,</span> <span class='ocrx_word' id='word_1_152' title='bbox 1777 1494 1895 1546; x_wconf 92' lang='lat' dir='ltr'>ideo</span> 
     </span>
     <span class='ocr_line' id='line_1_20' title="bbox 225 1567 1897 1635; baseline 0 -17"><span class='ocrx_word' id='word_1_153' title='bbox 225 1568 383 1635; x_wconf 88' lang='lat' dir='ltr'>quod,</span> <span class='ocrx_word' id='word_1_154' title='bbox 422 1568 467 1618; x_wconf 91' lang='lat' dir='ltr'>si</span> <span class='ocrx_word' id='word_1_155' title='bbox 498 1568 566 1635; x_wconf 91' lang='lat' dir='ltr'>id,</span> <span class='ocrx_word' id='word_1_156' title='bbox 608 1585 711 1635; x_wconf 87' lang='lat' dir='ltr'>quo</span> <span class='ocrx_word' id='word_1_157' title='bbox 744 1568 934 1618; x_wconf 87' lang='lat' dir='ltr'>nititur</span> <span class='ocrx_word' id='word_1_158' title='bbox 967 1567 1392 1618; x_wconf 87' lang='lat' dir='ltr'>adversariorum</span> <span class='ocrx_word' id='word_1_159' title='bbox 1425 1585 1600 1634; x_wconf 91' lang='lat' dir='ltr'>causa,</span> <span class='ocrx_word' id='word_1_160' title='bbox 1640 1567 1897 1619; x_wconf 83' lang='lat' dir='ltr'>subduxe—</span> 
     </span>
     <span class='ocr_line' id='line_1_21' title="bbox 224 1640 1964 1707; baseline 0 -15"><span class='ocrx_word' id='word_1_161' title='bbox 224 1642 317 1707; x_wconf 89' lang='lat' dir='ltr'>rit,</span> <span class='ocrx_word' id='word_1_162' title='bbox 365 1659 578 1692; x_wconf 88' lang='lat' dir='ltr'>omnem</span> <span class='ocrx_word' id='word_1_163' title='bbox 619 1641 728 1691; x_wconf 90' lang='lat' dir='ltr'>eius</span> <span class='ocrx_word' id='word_1_164' title='bbox 769 1641 918 1691; x_wconf 90' lang='lat' dir='ltr'>illam</span> <span class='ocrx_word' id='word_1_165' title='bbox 959 1640 1068 1691; x_wconf 84' lang='lat' dir='ltr'>vim</span> <span class='ocrx_word' id='word_1_166' title='bbox 1109 1644 1162 1691; x_wconf 91' lang='lat' dir='ltr'>et</span> <span class='ocrx_word' id='word_1_167' title='bbox 1202 1640 1548 1691; x_wconf 86' lang='lat' dir='ltr'>acrimoniam</span> <span class='ocrx_word' id='word_1_168' title='bbox 1587 1640 1799 1691; x_wconf 89' lang='lat' dir='ltr'>lenierit</span> <span class='ocrx_word' id='word_1_169' title='bbox 1837 1658 1898 1692; x_wconf 89' lang='lat' dir='ltr'>ac</span> <span class='ocrx_word' id='word_1_170' title='bbox 1921 1655 1964 1686; x_wconf 83' lang='lat'>20</span> 
     </span>
     <span class='ocr_line' id='line_1_22' title="bbox 226 1713 1899 1765; baseline 0.001 -1"><span class='ocrx_word' id='word_1_171' title='bbox 226 1714 452 1765; x_wconf 88' lang='lat' dir='ltr'>diluerit.</span> <span class='ocrx_word' id='word_1_172' title='bbox 543 1713 672 1765; x_wconf 91' lang='lat' dir='ltr'>Loci</span> <span class='ocrx_word' id='word_1_173' title='bbox 736 1717 915 1764; x_wconf 91' lang='lat' dir='ltr'>autem</span> <span class='ocrx_word' id='word_1_174' title='bbox 969 1731 1275 1765; x_wconf 87' lang='lat' dir='ltr'>communes</span> <span class='ocrx_word' id='word_1_175' title='bbox 1329 1714 1519 1765; x_wconf 87' lang='lat' dir='ltr'>ceteris</span> <span class='ocrx_word' id='word_1_176' title='bbox 1575 1731 1638 1764; x_wconf 90' lang='lat' dir='ltr'>ex</span> <span class='ocrx_word' id='word_1_177' title='bbox 1692 1713 1899 1765; x_wconf 87' lang='lat' dir='ltr'>adsum-</span> 
     </span>
     <span class='ocr_line' id='line_1_23' title="bbox 224 1786 1900 1855; baseline 0 -17"><span class='ocrx_word' id='word_1_178' title='bbox 224 1787 423 1855; x_wconf 88' lang='lat' dir='ltr'>ptionis</span> <span class='ocrx_word' id='word_1_179' title='bbox 456 1787 700 1854; x_wconf 89' lang='lat' dir='ltr'>partibus</span> <span class='ocrx_word' id='word_1_180' title='bbox 732 1787 786 1838; x_wconf 89' lang='lat' dir='ltr'>in</span> <span class='ocrx_word' id='word_1_181' title='bbox 820 1790 1101 1855; x_wconf 87' lang='lat' dir='ltr'>utramque</span> <span class='ocrx_word' id='word_1_182' title='bbox 1133 1789 1343 1855; x_wconf 89' lang='lat' dir='ltr'>partem</span> <span class='ocrx_word' id='word_1_183' title='bbox 1375 1786 1707 1839; x_wconf 85' lang='lat' dir='ltr'>convenient.</span> <span class='ocrx_word' id='word_1_184' title='bbox 1745 1786 1900 1838; x_wconf 89' lang='lat' dir='ltr'>Prae·</span> 
     </span>
     <span class='ocr_line' id='line_1_24' title="bbox 224 1859 1900 1928; baseline 0.001 -18"><span class='ocrx_word' id='word_1_185' title='bbox 224 1865 371 1912; x_wconf 87' lang='lat' dir='ltr'>terea</span> <span class='ocrx_word' id='word_1_186' title='bbox 427 1864 605 1912; x_wconf 89' lang='lat' dir='ltr'>autem</span> <span class='ocrx_word' id='word_1_187' title='bbox 662 1860 796 1928; x_wconf 86' lang='lat' dir='ltr'>eius,</span> <span class='ocrx_word' id='word_1_188' title='bbox 845 1860 934 1927; x_wconf 90' lang='lat' dir='ltr'>qui</span> <span class='ocrx_word' id='word_1_189' title='bbox 983 1878 1013 1911; x_wconf 89' lang='lat' dir='ltr'>a</span> <span class='ocrx_word' id='word_1_190' title='bbox 1061 1860 1260 1928; x_wconf 87' lang='lat' dir='ltr'>scripto</span> <span class='ocrx_word' id='word_1_191' title='bbox 1311 1859 1468 1911; x_wconf 89' lang='lat' dir='ltr'>dicet:</span> <span class='ocrx_word' id='word_1_192' title='bbox 1523 1860 1670 1928; x_wconf 83' lang='lat' dir='ltr'>leges</span> <span class='ocrx_word' id='word_1_193' title='bbox 1719 1877 1783 1911; x_wconf 85' lang='lat' dir='ltr'>ex</span> <span class='ocrx_word' id='word_1_194' title='bbox 1829 1877 1900 1927; x_wconf 89' lang='lat' dir='ltr'>se,</span> 
     </span>
     <span class='ocr_line' id='line_1_25' title="bbox 224 1932 1900 2001; baseline -0.001 -16"><span class='ocrx_word' id='word_1_195' title='bbox 224 1952 333 1986; x_wconf 90' lang='lat' dir='ltr'>non</span> <span class='ocrx_word' id='word_1_196' title='bbox 372 1952 434 1984; x_wconf 79' lang='lat' dir='ltr'>ex</span> <span class='ocrx_word' id='word_1_197' title='bbox 475 1934 609 1997; x_wconf 81' lang='lat' dir='ltr'>eiUS,</span> <span class='ocrx_word' id='word_1_198' title='bbox 651 1934 740 2001; x_wconf 91' lang='lat' dir='ltr'>qui</span> <span class='ocrx_word' id='word_1_199' title='bbox 780 1937 966 1985; x_wconf 88' lang='lat' dir='ltr'>contra</span> <span class='ocrx_word' id='word_1_200' title='bbox 1006 1933 1346 2000; x_wconf 82' lang='lat' dir='ltr'>commiserit,</span> <span class='ocrx_word' id='word_1_201' title='bbox 1389 1932 1626 1984; x_wconf 90' lang='lat' dir='ltr'>utilitate</span> <span class='ocrx_word' id='word_1_202' title='bbox 1667 1932 1900 2001; x_wconf 88' lang='lat' dir='ltr'>spectari</span> 
     </span>
     <span class='ocr_line' id='line_1_26' title="bbox 228 2005 1971 2076; baseline -0.002 -18"><span class='ocrx_word' id='word_1_203' title='bbox 228 2010 472 2074; x_wconf 87' lang='lat' dir='ltr'>oportere</span> <span class='ocrx_word' id='word_1_204' title='bbox 521 2010 573 2058; x_wconf 90' lang='lat' dir='ltr'>et</span> <span class='ocrx_word' id='word_1_205' title='bbox 620 2007 829 2076; x_wconf 82' lang='lat' dir='ltr'>legibus</span> <span class='ocrx_word' id='word_1_206' title='bbox 879 2007 1148 2074; x_wconf 87' lang='lat' dir='ltr'>antiquius</span> <span class='ocrx_word' id='word_1_207' title='bbox 1203 2005 1391 2057; x_wconf 89' lang='lat' dir='ltr'>haberi</span> <span class='ocrx_word' id='word_1_208' title='bbox 1443 2005 1579 2057; x_wconf 90' lang='lat' dir='ltr'>nihil</span> <span class='ocrx_word' id='word_1_209' title='bbox 1634 2009 1897 2074; x_wconf 90' lang='lat' dir='ltr'>oportere.</span> <span class='ocrx_word' id='word_1_210' title='bbox 1922 2020 1971 2054; x_wconf 81' lang='lat'>25</span> 
     </span>
     <span class='ocr_line' id='line_1_27' title="bbox 228 2078 1899 2161; baseline -0.001 -30"><span class='ocrx_word' id='word_1_211' title='bbox 228 2078 429 2131; x_wconf 90' lang='lat' dir='ltr'>Contra</span> <span class='ocrx_word' id='word_1_212' title='bbox 470 2080 749 2148; x_wconf 86' lang='lat' dir='ltr'>scriptum:</span> <span class='ocrx_word' id='word_1_213' title='bbox 797 2081 942 2161; x_wconf 84' lang='lat' dir='ltr'>leges</span> <span class='ocrx_word' id='word_1_214' title='bbox 990 2081 1046 2130; x_wconf 93' lang='lat' dir='ltr'>in</span> <span class='ocrx_word' id='word_1_215' title='bbox 1086 2079 1305 2131; x_wconf 90' lang='lat' dir='ltr'>consilio</span> <span class='ocrx_word' id='word_1_216' title='bbox 1346 2079 1621 2147; x_wconf 89' lang='lat' dir='ltr'>scriptoris</span> <span class='ocrx_word' id='word_1_217' title='bbox 1663 2082 1716 2130; x_wconf 91' lang='lat' dir='ltr'>et</span> <span class='ocrx_word' id='word_1_218' title='bbox 1754 2078 1899 2130; x_wconf 90' lang='lat' dir='ltr'>utili-</span> 
     </span>
     <span class='ocr_line' id='line_1_28' title="bbox 226 2151 1899 2221; baseline -0.001 -16"><span class='ocrx_word' id='word_1_219' title='bbox 226 2156 338 2205; x_wconf 82' lang='lat' dir='ltr'>tate</span> <span class='ocrx_word' id='word_1_220' title='bbox 394 2154 676 2221; x_wconf 89' lang='lat' dir='ltr'>communi,</span> <span class='ocrx_word' id='word_1_221' title='bbox 728 2171 836 2205; x_wconf 93' lang='lat' dir='ltr'>non</span> <span class='ocrx_word' id='word_1_222' title='bbox 889 2154 945 2204; x_wconf 89' lang='lat' dir='ltr'>in</span> <span class='ocrx_word' id='word_1_223' title='bbox 999 2153 1176 2204; x_wconf 87' lang='lat' dir='ltr'>verbis</span> <span class='ocrx_word' id='word_1_224' title='bbox 1232 2153 1545 2220; x_wconf 81' lang='lat' dir='ltr'>consistere3</span> <span class='ocrx_word' id='word_1_225' title='bbox 1611 2170 1770 2220; x_wconf 89' lang='lat' dir='ltr'>quam</span> <span class='ocrx_word' id='word_1_226' title='bbox 1823 2151 1899 2204; x_wconf 90' lang='lat' dir='ltr'>in-</span> 
     </span>
     <span class='ocr_line' id='line_1_29' title="bbox 228 2225 1900 2309; baseline -0.001 -32"><span class='ocrx_word' id='word_1_227' title='bbox 228 2227 450 2294; x_wconf 81' lang='lat' dir='ltr'>dignum</span> <span class='ocrx_word' id='word_1_228' title='bbox 497 2227 590 2294; x_wconf 88' lang='lat' dir='ltr'>sit,</span> <span class='ocrx_word' id='word_1_229' title='bbox 623 2227 966 2309; x_wconf 86' lang='lat' dir='ltr'>aequitatem</span> <span class='ocrx_word' id='word_1_230' title='bbox 1013 2227 1210 2277; x_wconf 75' lang='lat' dir='ltr'>litteris</span> <span class='ocrx_word' id='word_1_231' title='bbox 1257 2225 1496 2295; x_wconf 87' lang='lat' dir='ltr'>urgueri,</span> <span class='ocrx_word' id='word_1_232' title='bbox 1542 2243 1676 2293; x_wconf 91' lang='lat' dir='ltr'>quae</span> <span class='ocrx_word' id='word_1_233' title='bbox 1715 2225 1900 2278; x_wconf 86' lang='lat' dir='ltr'>volun-</span> 
     </span>
     <span class='ocr_line' id='line_1_30' title="bbox 227 2299 1334 2368; baseline -0.001 -18"><span class='ocrx_word' id='word_1_234' title='bbox 227 2303 339 2351; x_wconf 84' lang='lat' dir='ltr'>tate</span> <span class='ocrx_word' id='word_1_235' title='bbox 382 2301 507 2367; x_wconf 92' lang='lat' dir='ltr'>eius,</span> <span class='ocrx_word' id='word_1_236' title='bbox 548 2301 637 2368; x_wconf 92' lang='lat' dir='ltr'>qui</span> <span class='ocrx_word' id='word_1_237' title='bbox 678 2300 966 2368; x_wconf 87' lang='lat' dir='ltr'>scripserit,</span> <span class='ocrx_word' id='word_1_238' title='bbox 1006 2299 1334 2350; x_wconf 84' lang='lat' dir='ltr'>defendatur.</span> 
     </span>
    </p>

    <p class='ocr_par' dir='ltr' id='par_1_3' title="bbox 226 2358 1970 2953">
     <span class='ocr_line' id='line_1_31' title="bbox 374 2358 1967 2440; baseline -0.004 -15"><span class='ocrx_word' id='word_1_239' title='bbox 374 2373 456 2425; x_wconf 84' lang='lat' dir='ltr'>Ex</span> <span class='ocrx_word' id='word_1_240' title='bbox 489 2374 771 2425; x_wconf 79' lang='lat' dir='ltr'>contraiiis</span> <span class='ocrx_word' id='word_1_241' title='bbox 806 2376 983 2424; x_wconf 91' lang='lat' dir='ltr'>autem</span> <span class='ocrx_word' id='word_1_242' title='bbox 1015 2373 1222 2440; x_wconf 80' lang='lat' dir='ltr'>legibus</span> <span class='ocrx_word' id='word_1_243' title='bbox 1253 2358 1617 2424; x_wconf 86' lang='lat' dir='ltr'>controversia</span> <span class='ocrx_word' id='word_1_244' title='bbox 1646 2371 1900 2439; x_wconf 80' lang='lat' dir='ltr'>nascitur,</span> <span class='ocrx_word' id='word_1_245' title='bbox 1923 2386 1967 2418; x_wconf 85' lang='lat'>30</span> 
     </span>
     <span class='ocr_line' id='line_1_32' title="bbox 229 2445 1900 2513; baseline -0.001 -15"><span class='ocrx_word' id='word_1_246' title='bbox 229 2465 345 2498; x_wconf 89' lang='lat' dir='ltr'>cum</span> <span class='ocrx_word' id='word_1_247' title='bbox 378 2449 516 2498; x_wconf 91' lang='lat' dir='ltr'>inter</span> <span class='ocrx_word' id='word_1_248' title='bbox 549 2464 604 2498; x_wconf 91' lang='lat' dir='ltr'>se</span> <span class='ocrx_word' id='word_1_249' title='bbox 637 2447 769 2498; x_wconf 88' lang='lat' dir='ltr'>duae</span> <span class='ocrx_word' id='word_1_250' title='bbox 801 2447 1046 2497; x_wconf 88' lang='lat' dir='ltr'>videntur</span> <span class='ocrx_word' id='word_1_251' title='bbox 1078 2446 1224 2513; x_wconf 80' lang='lat' dir='ltr'>leges</span> <span class='ocrx_word' id='word_1_252' title='bbox 1258 2449 1350 2497; x_wconf 91' lang='lat' dir='ltr'>aut</span> <span class='ocrx_word' id='word_1_253' title='bbox 1380 2445 1561 2513; x_wconf 88' lang='lat' dir='ltr'>plures</span> <span class='ocrx_word' id='word_1_254' title='bbox 1588 2445 1900 2513; x_wconf 87' lang='lat' dir='ltr'>discrepare,</span> 
     </span>
     <span class='ocr_line' id='line_1_33' title="bbox 226 2517 1902 2585; baseline 0 -15"><span class='ocrx_word' id='word_1_255' title='bbox 226 2520 327 2571; x_wconf 88' lang='lat' dir='ltr'>hoc</span> <span class='ocrx_word' id='word_1_256' title='bbox 360 2521 540 2571; x_wconf 83' lang='lat' dir='ltr'>modo:</span> <span class='ocrx_word' id='word_1_257' title='bbox 579 2519 707 2571; x_wconf 80' lang='lat' dir='ltr'>Lex:</span> <span class='ocrx_word' id='word_1_258' title='bbox 748 2518 856 2580; x_wconf 80' lang='lat' dir='ltr'>QUI</span> <span class='ocrx_word' id='word_1_259' title='bbox 892 2534 1206 2571; x_wconf 80' lang='lat' dir='ltr'>TYRANNUM</span> <span class='ocrx_word' id='word_1_260' title='bbox 1248 2532 1572 2585; x_wconf 78' lang='lat' dir='ltr'>occmEmT,</span> <span class='ocrx_word' id='word_1_261' title='bbox 1612 2517 1902 2570; x_wconf 86' lang='lat' dir='ltr'>OLYMPIO-</span> 
     </span>
     <span class='ocr_line' id='line_1_34' title="bbox 229 2605 1902 2654; baseline -0.001 -10"><span class='ocrx_word' id='word_1_262' title='bbox 229 2606 487 2644; x_wconf 73' lang='lat' dir='ltr'>NICARUM</span> <span class='ocrx_word' id='word_1_263' title='bbox 534 2608 783 2644; x_wconf 78' lang='lat' dir='ltr'>PRAEMIA</span> <span class='ocrx_word' id='word_1_264' title='bbox 836 2606 1041 2644; x_wconf 77' lang='lat' dir='ltr'>CAPITO</span> <span class='ocrx_word' id='word_1_265' title='bbox 1083 2607 1157 2643; x_wconf 85' lang='grc' dir='ltr'>ΕΤ</span> <span class='ocrx_word' id='word_1_266' title='bbox 1199 2606 1359 2654; x_wconf 80' lang='lat' dir='ltr'><strong>QUAM</strong></span> <span class='ocrx_word' id='word_1_267' title='bbox 1400 2606 1591 2644; x_wconf 82' lang='lat' dir='ltr'>VOLET</span> <span class='ocrx_word' id='word_1_268' title='bbox 1633 2605 1744 2644; x_wconf 85' lang='lat' dir='ltr'>SIBI</span> <span class='ocrx_word' id='word_1_269' title='bbox 1783 2605 1902 2642; x_wconf 84' lang='lat' dir='ltr'>REM</span> 
     </span>
     <span class='ocr_line' id='line_1_35' title="bbox 228 2677 1902 2719; baseline 0.001 -3"><span class='ocrx_word' id='word_1_270' title='bbox 228 2681 265 2716; x_wconf 89' lang='lat' dir='ltr'>A</span> <span class='ocrx_word' id='word_1_271' title='bbox 310 2680 683 2719; x_wconf 80' lang='lat' dir='ltr'><strong>MAGISTRATU</strong></span> <span class='ocrx_word' id='word_1_272' title='bbox 729 2680 1049 2718; x_wconf 85' lang='lat' dir='ltr'>DEPOSCITO</span> <span class='ocrx_word' id='word_1_273' title='bbox 1097 2681 1168 2716; x_wconf 84' lang='lat' dir='ltr'>ET</span> <span class='ocrx_word' id='word_1_274' title='bbox 1215 2678 1614 2717; x_wconf 82' lang='lat' dir='ltr'>MAGISTRATUS</span> <span class='ocrx_word' id='word_1_275' title='bbox 1662 2679 1722 2715; x_wconf 88' lang='grc' dir='ltr'>ΕΙ</span> <span class='ocrx_word' id='word_1_276' title='bbox 1769 2677 1902 2717; x_wconf 76' lang='lat' dir='ltr'>CON-</span> 
     </span>
     <span class='ocr_line' id='line_1_36' title="bbox 230 2737 1970 2800; baseline -0.003 -10"><span class='ocrx_word' id='word_1_277' title='bbox 230 2752 462 2790; x_wconf 78' lang='lat' dir='ltr'>CEDITo.</span> <span class='ocrx_word' id='word_1_278' title='bbox 545 2737 619 2790; x_wconf 84' lang='lat' dir='ltr'>Et</span> <span class='ocrx_word' id='word_1_279' title='bbox 675 2740 848 2791; x_wconf 82' lang='lat' dir='ltr'>altera</span> <span class='ocrx_word' id='word_1_280' title='bbox 901 2740 1008 2790; x_wconf 86' lang='lat' dir='ltr'>lex:</span> <span class='ocrx_word' id='word_1_281' title='bbox 1063 2752 1332 2790; x_wconf 78' lang='lat' dir='ltr'>TYRANNO</span> <span class='ocrx_word' id='word_1_282' title='bbox 1391 2751 1591 2790; x_wconf 74' lang='lat' dir='ltr'>oemso</span> <span class='ocrx_word' id='word_1_283' title='bbox 1643 2751 1898 2800; x_wconf 76' lang='lat' dir='ltr'><strong>QUINQUE</strong></span> <span class='ocrx_word' id='word_1_284' title='bbox 1923 2750 1970 2783; x_wconf 76' lang='lat'>³5</span> 
     </span>
     <span class='ocr_line' id='line_1_37' title="bbox 231 2823 1901 2865; baseline -0.001 -2"><span class='ocrx_word' id='word_1_285' title='bbox 231 2826 355 2864; x_wconf 81' lang='lat' dir='ltr'>EIUS</span> <span class='ocrx_word' id='word_1_286' title='bbox 410 2826 704 2865; x_wconf 82' lang='lat' dir='ltr'>PROXIMOS</span> <span class='ocrx_word' id='word_1_287' title='bbox 769 2826 1137 2865; x_wconf 75' lang='lat' dir='ltr'>COGNATIONE</span> <span class='ocrx_word' id='word_1_288' title='bbox 1198 2824 1599 2863; x_wconf 85' lang='lat' dir='ltr'><strong>MAGISTRATUS</strong></span> <span class='ocrx_word' id='word_1_289' title='bbox 1661 2823 1901 2863; x_wconf 81' lang='lat' dir='ltr'>NECATO.</span> 
     </span>
     <span class='ocr_line' id='line_1_38' title="bbox 231 2882 1900 2953; baseline -0.001 -18"><span class='ocrx_word' id='word_1_290' title='bbox 231 2885 615 2953; x_wconf 81' lang='lat' dir='ltr'>Alexandrum,</span> <span class='ocrx_word' id='word_1_291' title='bbox 666 2886 755 2953; x_wconf 85' lang='lat' dir='ltr'>qui</span> <span class='ocrx_word' id='word_1_292' title='bbox 804 2885 943 2953; x_wconf 88' lang='lat' dir='ltr'>apud</span> <span class='ocrx_word' id='word_1_293' title='bbox 983 2885 1250 2936; x_wconf 89' lang='lat' dir='ltr'>Pheraeos</span> <span class='ocrx_word' id='word_1_294' title='bbox 1297 2885 1354 2936; x_wconf 91' lang='lat' dir='ltr'>in</span> <span class='ocrx_word' id='word_1_295' title='bbox 1392 2882 1670 2936; x_wconf 88' lang='lat' dir='ltr'>Thessalia</span> <span class='ocrx_word' id='word_1_296' title='bbox 1716 2886 1900 2951; x_wconf 86' lang='lat' dir='ltr'>tyran-</span> 
     </span>
    </p>
   </div>
   <div class='ocr_carea' id='block_1_3' title="bbox 138 2347 224 2460">
    <p class='ocr_par' dir='ltr' id='par_1_4' title="bbox 138 2347 224 2460">
     <span class='ocr_line' id='line_1_39' title="bbox 138 2347 208 2397; baseline 0 0"><span class='ocrx_word' id='word_1_297' title='bbox 138 2347 208 2397; x_wconf 74' lang='lat'>49</span> 
     </span>
     <span class='ocr_line' id='line_1_40' title="bbox 143 2423 224 2460; baseline 0 0"><span class='ocrx_word' id='word_1_298' title='bbox 143 2423 224 2460; x_wconf 77' lang='lat'>144</span> 
     </span>
    </p>
   </div>
  </div>
 </body>
</html>
