2065 3147
785 661 1299 715 MEMORABILIA

534 781 898 861 VITAE
948 781 1549 861 CICERONIS

709 924 828 968 PER
858 923 1064 967 ANNOS
1098 922 1370 968 DIGESTA.

345 1058 447 1090 Anni

201 1101 305 1133 Anni
353 1107 439 1134 ante
1779 1101 1883 1132 Anni

209 1147 255 1178 U.
274 1146 310 1178 C.
352 1146 436 1178 Chr.
1771 1145 1810 1177 C'

200 1191 308 1222 Varr.
358 1193 434 1223 nat.
1760 1199 1874 1223 rrrrrr

199 1239 318 1293 W
351 1249 449 1293 1061
490 1247 613 1291 Coss.
658 1246 900 1291 &Atilius
923 1247 1161 1301 Serranus,
1198 1247 1247 1303 Q.
1275 1246 1494 1291 Servilius
1520 1246 1722 1303 Caepi0.2
1813 1256 1833 1290 1

546 1307 606 1351 M.
648 1306 826 1349 Tullius
870 1305 1027 1350 Cicero
1068 1310 1204 1350 natus
1244 1305 1438 1360 Arpini3
1477 1320 1516 1349 a.
1560 1306 1601 1350 d.
1643 1306 1720 1349 ΙΠ.

486 1364 644 1409 Nonas
686 1364 965 1419 Ianuarias⁴‚
1014 1369 1146 1421 patre
1193 1365 1253 1408 M.
1295 1365 1448 1409 Tullio
1490 1364 1722 1422 Cicerone,

488 1427 634 1468 matre
668 1424 870 1467 Helvia.⁵

546 1483 718 1526 Marius
758 1482 805 1526 in
837 1483 1057 1526 Numidia
1098 1482 1271 1527 bellum
1311 1484 1432 1538 gerit
1463 1486 1623 1527 contra
1654 1484 1723 1527 Iu-

487 1543 715 1597 gurtham.
747 1567 801 1573 —
836 1541 912 1585 Cn.
943 1542 1188 1598 Pompeius
1213 1541 1410 1598 Magnus
1441 1544 1575 1585 natus
1606 1543 1722 1599 prid.

213 1665 297 1704 649
350 1665 432 1705 105
486 1601 607 1705 {gis
623 1600 722 1703 ΟΞ.
737 1659 944 1703 Rutilius
976 1659 1145 1713 Ruqu,
1182 1658 1260 1702 Cn.
1291 1660 1500 1703 Mallius.
1809 1665 1834 1702 2

545 1718 768 1775 Iugurtha
792 1719 840 1761 L.
868 1718 1079 1762 Cornelio
1114 1717 1282 1772 Sullae,
1316 1718 1451 1761 Marii
1476 1720 1723 1774 quaestori,

487 1778 666 1845 vinctus
707 1777 927 1833 traditur,
969 1778 1026 1820 ab
1068 1791 1211 1832 eoque
1253 1777 1312 1819 ad
1354 1777 1550 1820 Marium
1585 1778 1723 1821 dedu—

214 1901 298 1941 650
350 1902 432 1940 104
488 1840 618 1940 ἓξὲξ
663 1898 705 1939 c,
732 1896 919 1938 Marius
949 1894 1035 1948 IL,
1070 1894 1115 1938 o.
1147 1893 1345 1938 Flavius
1377 1894 1603 1938 Fimbria.

547 1954 594 1998 C.
629 1954 802 1997 Marius
835 1954 934 1997 Kal.
967 1954 1064 2006 Ian.
1106 1954 1161 1996 de
1194 1952 1420 2008 Iugurtha
1450 1953 1721 2010 triumphat.

487 2012 668 2057 Bellum
707 2014 926 2057 adversus
960 2012 1167 2057 Cimbros
1208 2015 1254 2056 et
1293 2012 1526 2056 Teutonos
1566 2013 1721 2057 decer—

485 2072 625 2118 nitur.

1807 1901 1832 1939 3

318 2237 360 2289 1)
392 2233 444 2276 In
483 2232 614 2277 annis
648 2234 754 2277 ante
789 2232 1021 2277 Christum
1053 2235 1227 2288 natum,
1269 2246 1359 2289 quo
1391 2232 1619 2277 vitaretur
1649 2233 1874 2289 confusio,

197 2293 344 2337 secuti
382 2307 537 2336 sumus
585 2293 821 2348 vulgarem
860 2293 1109 2347 rationem,
1151 2293 1200 2335 id
1240 2295 1308 2336 est
1349 2292 1683 2337 Almeloveenii
1723 2295 1770 2336 et
1809 2292 1873 2337 St.

195 2351 377 2396 Allaisii
392 2351 498 2408 (Art
517 2352 569 2395 de
582 2352 758 2406 ve'ris'ler
774 2352 833 2395 les
850 2352 974 2396 dates
991 2356 1132 2396 avant
1148 2352 1249 2395 Fere
1266 2353 1528 2394 chre'tz'emze.
1554 2351 1695 2395 Paris.
1714 2354 1875 2408 1819.)‚

197 2425 253 2456 ex
293 2425 383 2467 qua
416 2409 622 2454 Christus
653 2412 789 2453 natus
824 2414 894 2454 est
927 2424 965 2455 a.
992 2426 1036 2454 u.
1063 2425 1100 2454 o.
1129 2415 1225 2454 754.
1260 2410 1450 2454 Varron.
1507 2409 1601 2452 Alii
1633 2412 1878 2454 numerant

196 2484 252 2514 ex
283 2484 402 2514 anno
435 2469 722 2513 Varroniano
750 2473 863 2524 751„
896 2470 964 2513 ita
995 2474 1047 2513 ut
1078 2483 1105 2511 a
1136 2469 1303 2512 nostris
1334 2469 1535 2512 numeris
1567 2469 1614 2511 in
1648 2470 1875 2514 IVIemora-

196 2529 364 2573 bilibus
418 2529 536 2573 vitae
584 2528 811 2573 Ciceronis
865 2529 989 2584 apud
1037 2527 1330 2571 Schuetzium
1378 2530 1425 2571 et
1470 2527 1779 2571 Matthiaeum
1825 2529 1874 2572 in

194 2588 418 2644 Epistolis
451 2586 543 2631 Cic.
581 2588 704 2630 terni
735 2586 845 2630 anni
883 2587 1140 2631 deducendi
1183 2587 1289 2630 sint.
1352 2587 1522 2630 Noster
1553 2587 1696 2642 igitur
1727 2601 1873 2630 annus

195 2661 235 2691 a.
277 2645 378 2690 Chr.
418 2661 462 2691 n.
507 2651 590 2690 106
629 2646 722 2689 illis
763 2648 834 2690 est
874 2652 994 2701 103.,
1040 2648 1198 2689 noster
1235 2649 1320 2699 43„
1362 2659 1452 2701 quo
1495 2644 1655 2690 Cicero
1696 2645 1872 2689 occisus

196 2708 280 2761 est,
311 2710 381 2750 40.
443 2705 566 2750 Vera
606 2708 759 2749 autem
799 2706 917 2749 ratio
959 2720 986 2749 a
1019 2704 1360 2749 Sanolementio
1401 2707 1447 2748 et
1476 2704 1655 2748 Idelero
1686 2705 1872 2748 demon-

196 2767 342 2809 strata
383 2765 498 2808 haee
538 2766 619 2818 est,
665 2765 718 2807 ut
750 2763 959 2808 Christus
991 2767 1126 2808 natus
1160 2765 1221 2806 sit
1254 2777 1292 2806 a.
1326 2779 1370 2806 u.
1405 2777 1441 2807 o.
1469 2768 1567 2806 747.
1592 2763 1724 2806 Varr.

194 2827 239 2876 2)
265 2823 392 2867 Brut.
422 2828 518 2867 161.
603 2825 646 2876 3)
671 2823 814 2880 Legg.
841 2822 895 2877 Π,
923 2828 961 2868 1.
1046 2826 1090 2878 4)
1116 2823 1174 2865 ad
1200 2823 1296 2866 Att.
1321 2822 1419 2866 VII.
1448 2825 1488 2874 5,
1513 2827 1554 2866 3.
1587 2822 1804 2877 X111.42,
1831 2826 1870 2867 2.

195 2886 238 2940 5)
271 2882 344 2926 Ad
374 2883 501 2926 Fam.
528 2881 644 2925 XVI.
673 2887 742 2936 26,
768 2888 808 2925 2.

1454 2953 1516 2997 a*
