2080 3204
169 179 172 182 <
254 150 381 195 XXII

596 135 1019 192 MEMORABILIA
1051 147 1233 191 virAE
1267 146 1580 192 CICERONIS

254 285 360 316 Anni
377 285 379 288 ⁴
395 285 496 316 Ante

254 329 301 360 U.
322 328 363 362 C.
396 328 434 360 C.
451 329 495 360 N.

278 2498 360 2537 711

3 844 9 850 ·

377 1006 383 1203 ι

544 1395 574 1436 g

424 2498 478 2537 43
516 2475 520 2542 i
551 2492 673 2536 Coss.
725 2492 770 2536 0.
811 2492 970 2536 Vibius
1004 2493 1177 2545 Pansa,
1209 2495 1265 2538 A.
1299 2493 1497 2537 Hirtius.
1585 2510 1596 2523 ·

1822 283 1928 315 Anni
1979 322 1982 325 Δ

1834 327 1911 361 Cic.

543 386 627 428 est·
651 384 926 437 orationem,
971 396 1109 437 quam
1141 381 1261 424 XIII.
1294 381 1396 427 Kal.
1429 381 1527 427 Oct.
1569 381 1618 426 in
1657 382 1772 427 aede

544 442 824 487 Concordiae
869 442 1029 485 contra
1068 439 1335 483 Ciceronem
1372 441 1549 485 habuit.
1614 440 1772 485 Cicero

542 502 591 545 in
623 504 782 545 senatu
813 513 906 543 non
937 497 1083 553 affuit,
1114 501 1241 542 metu
1264 499 1535 542 insidiarum
1567 500 1626 543 ab
1658 500 1772 543 amj·

546 561 608 603 cis
640 559 914 616 prohibitus.
968 557 1159 600 Antonii
1181 570 1289 600 vero
1323 557 1523 601 orationi
1554 559 1775 614 opposuit

547 620 855 673 Philippicam
892 617 1153 669 secundam,
1193 629 1287 659 non
1323 616 1532 660 habitam
1572 617 1773 672 quidem,

544 678 623 720 sed
655 678 722 719 ita
753 675 1076 730 conscriptam,
1110 675 1242 729 quasi
1273 688 1375 718 eam
1400 675 1517 717 XIII.
1544 674 1644 718 Kal.
1671 673 1771 719 Oct.
1800 665 1805 735 Ι

544 735 591 778 in
621 739 911 790 praesentem
943 733 1195 777 Antonium
1235 733 1483 776 habuisset.
1544 733 1773 778 Extremis
1801 739 1805 747 ’

545 793 756 836 Octobris
810 792 969 836 diebus
1023 794 1071 835 et
1115 805 1272 835 mense
1317 790 1570 836 Novembri
1615 792 1774 836 Cicero

544 852 850 895 Puteolanum
872 866 1005 894 suum
1030 852 1296 905 ceterasque
1320 851 1454 894 villas
1486 849 1587 895 obit
1612 850 1773 895 libros-

545 925 631 965 que
663 911 716 954 de
751 910 928 964 Officiis
958 909 1149 966 perficit.
1200 909 1389 953 Interim
1420 909 1650 953 Antonius
1674 909 1774 954 VII.

543 969 608 1012 Id.
658 967 756 1013 Oct.
805 968 988 1012 obviam
1044 968 1130 1011 ivit
1182 967 1440 1023 legionibus
1484 971 1706 1024 quattuor
1751 983 1775 1012 e

543 1027 817 1071 Macedonia
854 1028 1150 1070 redeuntibus
1196 1041 1362 1082 easque
1403 1026 1491 1070 sibi
1532 1027 1776 1071 conciliare
1827 1047 1831 1050 ’

545 1087 734 1130 studuit.
799 1086 1092 1128 Brundisium
1123 1087 1253 1128 venit
1285 1085 1379 1128 VII.
1413 1086 1477 1129 Id.
1512 1085 1610 1129 Oct.
1641 1085 1777 1129 Octa·

544 1145 644 1188 vius
677 1146 846 1198 autem,
882 1144 1000 1197 sive,
1038 1146 1091 1187 ut
1122 1145 1328 1187 Caesaris
1359 1143 1617 1188 hereditate
1649 1144 1778 1187 adita

544 1204 888 1256 nominabatur,
950 1202 1125 1246 Caesar·
1171 1202 1470 1258 Octavianus,
1533 1205 1777 1247 veteranos

545 1262 750 1306 Caesaris
791 1261 980 1314 excivit,
1019 1262 1268 1316 multisque
1308 1262 1411 1305 aliis
1450 1262 1777 1306 accedentibus

511 1273 716 1416 {iustum
758 1321 1008 1364 exercitum
1053 1320 1294 1364 contraxit.
1376 1320 1519 1364 Paulo
1567 1323 1676 1376 post
1712 1320 1777 1363 le-

577 1380 704 1423 iones
735 1375 905 1422 Martia
937 1383 984 1422 et
1012 1377 1186 1430 Quarta
1208 1378 1460 1422 Antonium
1491 1379 1778 1435 reliquerunt
1805 1425 1808 1433 ¹

511 1417 593 1520 'et
638 1439 695 1481 ad
743 1436 1048 1481 Octavianum
1098 1439 1391 1481 transierunt.
1470 1436 1580 1489 QuO‘
1613 1437 1776 1482 nuntio

512 1497 688 1559 ,allato
732 1496 960 1539 Antonius
1001 1510 1106 1539 cum
1152 1500 1362 1540 senatum
1407 1496 1456 1539 in
1497 1495 1777 1552 Capitolium

511 1562 516 1640 '
546 1570 585 1599 a.
626 1556 667 1598 d.
702 1555 778 1597 IV.
811 1554 913 1598 Kal.
946 1554 1053 1599 Dec.
1092 1557 1323 1608 vocasset,
1368 1555 1502 1597 valde
1540 1553 1809 1610 perculsus'

546 1613 788 1657 confestim
842 1614 1050 1656 senatum
1105 1613 1282 1657 dimisit
1335 1616 1382 1657 et
1426 1614 1676 1668 paludatus
1729 1614 1778 1657 in

547 1673 746 1716 Galliam
765 1672 1023 1716 citeriorem
1048 1672 1256 1716 decessit.
1304 1672 1409 1719 Dee.
1429 1672 1598 1715 Brutus
1622 1673 1777 1716 autem

546 1731 747 1775 edictum
778 1731 1033 1786 proposuit,
1067 1745 1157 1785 quo
1190 1744 1237 1774 se
1268 1730 1553 1785 provinciam
1579 1729 1778 1774 Galliam

545 1790 593 1832 in
626 1790 670 1833 S.
703 1790 751 1832 P.
785 1788 834 1840 Q.
869 1789 921 1831 R.
955 1791 1183 1844 potestate
1215 1790 1498 1832 retenturum
1529 1789 1778 1845 polliceba-

546 1851 634 1891 tur.
699 1846 858 1891 Cicero
890 1847 942 1890 V.
977 1847 1040 1891 Id.
1075 1848 1182 1891 Dec.
1216 1849 1275 1890 ad
1306 1847 1466 1891 urbem
1498 1848 1632 1902 redit,
1674 1861 1779 1892 cum
1867 1867 1869 1869 ¹

545 1907 655 1950 novi
692 1906 867 1950 tribuni
906 1905 1027 1949 XIII.
1069 1906 1170 1950 Kal.
1211 1907 1303 1950 Ian.
1354 1909 1564 1950 senatum
1612 1921 1776 1951 convo-

547 1968 740 2019 cassent,
771 1964 870 2020 ipse
904 1965 1178 2008 sententiam
1202 1967 1390 2021 rogatus
1422 1979 1475 2008 ea
1499 1965 1626 2020 dixit,
1660 1978 1779 2022 quae

515 2024 813 2111 lcomplexus
853 2024 924 2067 est
965 2023 1231 2078 Philippica
1272 2025 1418 2067 tertia.
1483 2024 1670 2089 Censuit
1699 2038 1778 2067 au-

516 2086 641 2157 ¹tem
679 2096 751 2125 res
795 2095 893 2136 eas,
935 2095 1048 2136 quas
1080 2080 1246 2125 Caesar
1285 2083 1552 2125 adulescens
1593 2085 1779 2138 egisset,

516 2159 520 2196 ξ
548 2141 736 2196 publica
752 2140 1026 2183 auctoritate
1048 2141 1391 2194 confirmandas,
1416 2141 1637 2196 legiones,
1662 2155 1778 2196 quae

517 2197 519 2206 ¹
548 2199 800 2243 Antonium
817 2199 1135 2251 deseruissent,
1154 2199 1419 2254 laudandas,
1445 2199 1552 2244 Dec.
1572 2199 1778 2257 Brutum,

516 2207 520 2314 i
550 2258 631 2313 qui
661 2272 709 2301 se
735 2258 934 2301 Antonio
966 2257 1014 2300 in
1040 2257 1191 2301 Gallia
1219 2259 1474 2312 obiecisset,
1508 2259 1775 2303 ornandum.

516 2319 520 2381 ἦ
551 2315 668 2360 SCto
710 2317 759 2360 in
790 2318 909 2360 hanc
942 2317 1217 2359 sententiam
1248 2317 1372 2360 facto
1406 2316 1563 2360 Cicero
1594 2317 1643 2360 in
1674 2331 1779 2362 con-

516 2391 520 2474 l
549 2377 723 2420 tionem
746 2375 997 2442 productus
1021 2376 1206 2442 populo,
1239 2389 1356 2431 quae
1388 2378 1492 2419 acta
1517 2379 1563 2419 et
1594 2376 1780 2443 decreta

549 2438 713 2489 essent,
746 2437 956 2490 exposuit
990 2433 1255 2490 thlzppzca
1285 2440 1460 2490 quarta.

1848 2500 1906 2539 64

517 2545 520 2584 ἲ
607 2552 710 2594 Kal.
751 2551 974 2595 Ianuariis
1015 2548 1223 2595 consules
1270 2553 1546 2595 rettulerunt
1591 2552 1648 2595 de
1686 2553 1780 2595 An-

549 2611 697 2665 tonio,
757 2610 837 2666 qui
891 2611 1085 2653 Brutum
1138 2609 1343 2654 Mutinae
1397 2609 1777 2654 circumsedebat.

517 2667 754 2724 ,Cumque
802 2669 906 2712 Piso
961 2669 1132 2724 aliique
1186 2669 1366 2725 legatos
1421 2669 1480 2712 ad
1526 2670 1779 2713 Antonium

548 2726 799 2772 mittendos
832 2728 1128 2780 censuissent,
1160 2728 1323 2771 habuit
1355 2726 1512 2770 Cicero
1546 2727 1779 2784 Philippi·
1806 2773 1812 2781 ‚
1856 2763 1862 2768 .

549 2798 646 2829 cam
678 2787 901 2841 quintam,
947 2786 996 2829 iu
1028 2799 1119 2841 qua
1149 2786 1429 2842 legationem
1460 2786 1597 2829 istam
1627 2789 1682 2829 ut
1712 2800 1780 2834 see

549 2846 683 2887 natus
723 2847 770 2888 et
815 2845 976 2900 populi
1015 2845 1213 2888 Romani
1250 2843 1495 2888 maiestate
1540 2843 1780 2901 indignam

549 2901 767 2946 dissuasit
813 2905 880 2957 et,
927 2905 978 2946 ut
1024 2903 1172 2946 hostis
1216 2903 1496 2946 iudicaretur
1537 2903 1812 2960 Antonius‚5
