2075 3235
531 106 707 151 LIBER
737 107 814 152 IV.
870 106 995 151 CAP.
1029 110 1219 151 21—22.
1275 111 1299 160 ξ
1333 109 1500 150 28—31
1797 107 1867 159 85

187 230 354 282 disset
394 227 487 281 se'.
556 227 965 280 Transfer-endis
1006 226 1205 278 litteris
1239 225 1340 278 sic:
1383 224 1609 293 ‘Videte,
1649 226 1866 294 iudiceS,

187 306 368 355 utrum
409 301 616 353 homini
655 320 793 354 navo
842 319 911 353 an
950 317 1088 352 vano
1137 299 1350 352 credere
1390 298 1630 352 malitis?
1710 298 1866 351 Com-

187 375 459 428 mutandis
510 374 612 428 hoc
667 375 850 427 modo:
905 373 1175 443 ‘Deligere
1229 375 1467 442 oportet,
1525 389 1683 440 quem
1729 373 1865 424 velis

188 447 447 518 diligere'.
501 448 618 501 Hae
645 452 769 500 sunt
802 446 1280 514 adnominationeS,
1315 463 1450 514 quae
1474 446 1531 497 in
1556 445 1864 497 litterarum

141 536 162 570 5
186 523 336 575 brevi
375 522 796 575 commutatione
837 524 930 573 aut
963 519 1314 588 productione
1355 522 1449 571 aut
1481 519 1865 572 transiectione

187 599 281 648 aut
321 595 500 664 aliquo
541 594 850 648 huiusmodi
898 611 1091 663 genere
1133 597 1430 645 versantur.
1509 591 1645 645 Sunt
1685 595 1865 644 autem

187 669 348 737 aliae,
395 687 530 737 quae
577 687 687 722 non
731 668 935 720 habent
982 670 1095 719 tam
1143 667 1504 735 propinquam
1546 666 1645 732 [in]
1689 665 1865 718 verbis

188 743 597 796 similitudinem
646 746 700 794 et
739 745 922 794 tamen
969 740 1257 792 dissimiles
1307 758 1416 792 non
1465 743 1615 807 sunt3
1672 739 1866 808 quibus

190 817 256 868 de
296 817 582 886 generibus
623 834 790 868 unum
823 818 904 866 est
935 814 1267 866 huiusmodi:
1311 812 1469 875 ‘Quid
1509 813 1735 882 veniam,
1775 813 1867 882 qui

123 904 165 936 10
192 890 307 958 sim,
343 892 530 958 [quare
555 889 806 956 veniam,]
835 906 992 956 quem
1016 888 1339 954 insimulem,
1373 887 1456 939 cui
1479 887 1696 954 prosim,
1731 904 1867 954 quae

186 965 475 1033 postulem,
515 963 665 1016 brevi
705 961 1076 1032 cognoscetis9
1139 961 1282 1014 Nam
1314 960 1401 1013 hic
1435 963 1517 1012 est
1556 960 1612 1011 in
1653 960 1868 1027 quibus-

188 1037 311 1090 dam
358 1037 536 1090 verbis
593 1036 854 1105 quaedam
904 1034 1202 1088 similitudo
1248 1052 1359 1087 non
1411 1037 1527 1086 tam
1583 1033 1868 1101 adfectata,

188 1129 346 1180 quan]
387 1112 514 1164 illae
555 1110 872 1180 superioreS,
913 1109 1006 1161 sed
1045 1112 1228 1161 tamen
1267 1107 1571 1160 adhibenda
1608 1125 1868 1159 nonnum-

190 1203 365 1253 quam.
450 1185 699 1236 Alterum
755 1201 923 1253 genus
969 1182 1299 1235 huiusmodi:
1357 1181 1577 1234 ‘Demus
1634 1198 1869 1249 operam,

122 1271 163 1304 15
189 1258 448 1325 Quirites,
501 1276 569 1310 ne
625 1257 842 1310 omnino
895 1256 1185 1324 conscripti
1240 1258 1423 1325 patres
1479 1254 1870 1322 circumscripti

187 1330 480 1401 putentur.'
558 1330 707 1384 Haec
747 1330 1116 1383 adnominatio
1157 1330 1332 1399 magis
1376 1328 1579 1381 accedit
1620 1328 1686 1380 ad
1727 1328 1869 1379 simi-

187 1405 471 1457 litudinem
512 1422 674 1472 quam
715 1404 974 1473 superior,
1015 1403 1105 1455 sed
1138 1403 1315 1455 minus
1358 1421 1519 1470 quam
1557 1402 1686 1454 illae
1719 1419 1869 1469 supe-

187 1478 381 1547 riores,
429 1481 717 1547 propterea
757 1478 899 1546 quod
943 1495 1054 1529 non
1102 1477 1277 1529 solum
1331 1476 1568 1541 additae,
1624 1475 1716 1527 sed
1763 1492 1869 1526 uno

186 1555 430 1622 tempore
464 1552 710 1620 demptae
745 1569 955 1620 quoque
980 1551 1196 1602 litterae
1231 1553 1369 1602 sunt.
1431 1549 1675 1601 Tertium
1701 1565 1869 1617 genus

123 1641 166 1673 20
192 1630 288 1690 est,
328 1625 470 1694 quod
508 1628 754 1678 versatur
784 1625 842 1676 in
874 1643 1093 1677 casuum
1126 1623 1548 1676 commutatione
1589 1626 1682 1675 aut
1713 1622 1869 1673 unius

191 1703 283 1752 aut
343 1699 579 1768 plurium
633 1699 926 1751 nominum.
1013 1697 1188 1749 Unius
1240 1697 1473 1749 nominis
1530 1697 1632 1748 hoc
1687 1695 1869 1747 modo:
1903 1698 1958 1738 31

191 1772 516 1825 ‘Alexander
539 1771 758 1825 Macedo
793 1789 1001 1824 summo
1034 1771 1219 1823 labore
1246 1770 1483 1823 animum
1518 1770 1584 1822 ad
1616 1769 1871 1821 virtutem

192 1865 224 1900 a
254 1846 488 1916 pueritia
527 1846 880 1899 confirmavit.
950 1844 1246 1897 Alexandri
1285 1844 1509 1896 virtutes
1550 1861 1646 1912 per
1686 1843 1872 1895 orbem

191 1924 368 1972 terrae
395 1938 514 1973 cum
540 1919 696 1971 laude
731 1922 784 1971 et
817 1937 936 1972 cum
964 1918 1139 1989 gloria
1172 1921 1401 1986 vagatae
1443 1921 1581 1969 sunt.
1645 1917 1872 1968 Alexan-

126 2008 168 2041 25
193 1993 348 2046 drum
374 2011 558 2046 omnes
584 1994 814 2045 maxime
847 1995 1166 2061 metuerant,
1196 1992 1337 2044 idem
1361 1991 1656 2061 plurimum
1682 1990 1875 2042 dilexe-

192 2066 352 2119 runt?
431 2066 741 2119 Alexandro
795 2067 841 2118 si
888 2067 1001 2119 vita
1052 2066 1179 2118 data
1234 2066 1450 2136 longior
1506 2068 1669 2132 esset,
1719 2068 1871 2116 trans

194 2140 463 2193 Oceanum
484 2182 494 2192 .
515 2182 524 2192 .
543 2182 553 2192 .
573 2140 924 2192 Macedonum
948 2140 1356 2192 transvolasset.
1404 2138 1568 2191 Varie
1594 2138 1681 2191 hic
1705 2156 1871 2190 unum

192 2231 389 2267 nomen
418 2214 476 2265 in
507 2214 928 2267 commutatione
961 2232 1181 2266 casuum
1212 2214 1516 2266 volutatum
1549 2215 1644 2264 est.
1707 2212 1874 2265 Plura

194 2288 412 2340 nomina
466 2288 678 2340 casibus
742 2288 1087 2340 commutatis
1145 2288 1248 2340 hoc
1309 2287 1467 2339 modo
1526 2285 1728 2338 facient
1787 2285 1874 2337 ad-

135 2361 651 2413 zonominationem:
729 2361 826 2413 <Ti
890 2362 1190 2414 Gracchum
1262 2379 1375 2413 rem
1441 2359 1716 2429 publicam
1787 2357 1874 2410 ad-

196 2435 593 2487 ministrantem
653 2435 933 2504 prohibuit
993 2435 1214 2504 indigna
1275 2453 1377 2486 nex
1433 2433 1630 2485 diutius
1692 2433 1748 2484 in
1810 2450 1873 2485 eo

197 2508 532 2562 commorari.
618 2507 674 2561 O.
730 2508 971 2562 Graccho
1029 2508 1222 2560 similis
1279 2507 1473 2560 occisio
1530 2511 1612 2559 est
1673 2506 1877 2574 oblata,

199 2599 332 2650 quae
379 2581 596 2634 virtutis
645 2583 1076 2635 amantissimum
1129 2581 1307 2633 subito
1358 2581 1420 2632 de
1469 2580 1587 2633 sinu
1635 2580 1872 2633 civitatis

198 2655 408 2724 eripuit.
500 2652 849 2708 Saturninum
899 2657 1003 2708 fide
1055 2658 1273 2724 captum
1328 2655 1595 2707 malorum
1650 2653 1875 2724 perfidia

130 2741 172 2775 35
199 2730 316 2798 [per
365 2728 559 2794 scelus]
609 2729 722 2780 vita
771 2730 1022 2798 privavit.
1106 2728 1273 2796 Tuus,
1324 2747 1354 2781 ο
1402 2727 1600 2797 Druse,
1653 2727 1875 2797 sanguis

200 2802 522 2854 domesticos
563 2803 796 2871 parietes
838 2807 891 2856 et
930 2802 1138 2855 vultum
1178 2801 1420 2871 parentis
1455 2802 1698 2872 aspersit.
1762 2800 1874 2853 Sul-

195 2875 336 2945 picio
379 2875 469 2944 qui
514 2876 675 2945 paulo
726 2878 850 2928 ante
899 2877 1078 2929 omnia
1126 2876 1510 2945 concedebant,
1559 2894 1679 2928 eum
1726 2874 1874 2926 brevi

1883 566 1953 618 22

1899 641 1953 681 30
