2075 3235
199 105 302 156 184
781 103 860 148 DE
893 101 1273 147 INVENTIONE
1814 109 1870 150 53

196 229 278 277 est
334 223 535 292 aliquid
588 222 819 275 faciendi
869 239 978 273 non
1023 220 1318 273 faciendive
1366 223 1670 291 excogitata
1715 223 1871 276 ratio.

194 297 310 350 Iam
349 296 494 348 facta
534 300 585 348 et
626 313 780 348 casus
822 298 874 345 et
914 294 1198 360 orationeS,
1239 311 1374 361 quae
1415 297 1538 346 sunt
1578 295 1774 363 omnia,
1811 299 1874 348 ut

195 371 251 422 in
298 369 719 422 confirmationis
759 366 1059 435 praeceptis
1102 366 1301 417 dictum
1348 370 1451 433 est,
1497 367 1554 418 in
1598 368 1705 419 tria
1742 372 1872 420 tem-

196 461 328 512 pora
369 442 681 506 distributa,
721 440 878 491 facile
919 439 1021 490 erit
1063 439 1252 505 videre,
1293 439 1479 507 ecquid
1520 439 1766 493 adferant
1805 441 1871 493 ad

113 547 178 598 10
196 515 614 568 confirmandam
655 513 1013 564 coniecturam
1055 511 1382 580 suspitionis,
1916 526 1935 560 5

108 622 162 662 32
343 589 423 639 Ac
469 586 712 656 personis
762 585 974 653 quidem
1020 603 1105 636 res
1145 585 1246 636 1166
1287 588 1412 637 sunt
1451 585 1758 653 attributae,
1809 605 1870 639 ex

198 662 389 730 quibus
447 659 692 711 omnibus
748 677 912 710 unum
966 658 1023 709 in
1073 658 1249 710 locum
1296 658 1493 710 coactis
1546 661 1869 712 accusatoris

198 735 298 786 erit
343 732 740 801 improbatione
787 731 1020 783 hominis
1066 731 1160 782 uti.
1236 730 1377 783 Nam
1417 749 1577 784 causa
1614 731 1746 784 facti
1783 751 1872 801 pa-

197 825 314 859 rum
355 805 699 857 firmitudinis
740 804 918 872 habet,
965 804 1071 856 nisi
1111 804 1319 856 animus
1361 804 1487 871 61113,
1527 805 1618 873 qui
1654 804 1872 858 insimu-

197 881 363 945 latur,
401 879 457 930 in
497 897 613 930 eam
648 877 1000 946 suspitionem
1041 877 1342 944 adducitur,
1388 877 1468 929 uti
1508 897 1539 930 a
1575 878 1677 930 tali
1715 879 1873 947 culpa
1897 893 1940 924 10

194 970 302 1004 non
350 952 594 1003 videatur
641 951 998 1003 abhorruisse.
1068 949 1146 1003 Ut
1193 950 1333 1002 enim
1373 951 1612 1003 animum
1651 951 1874 1004 alicuius

194 1026 500 1095 improbare
546 1024 684 1076 nihil
733 1024 950 1090 attinet,
1006 1041 1125 1076 cum
1173 1041 1354 1090 causa,
1409 1041 1569 1092 quare
1615 1027 1874 1093 peccaret,

194 1117 303 1152 non
356 1098 680 1164 intercessit,
736 1097 811 1149 sic
865 1114 1081 1149 causam
1129 1098 1336 1164 peccati
1386 1096 1710 1149 intercedere
1757 1097 1874 1149 leve

197 1176 300 1239 est,
355 1173 400 1224 si
457 1171 665 1223 animus
719 1170 858 1222 nulli
909 1170 1084 1222 minus
1130 1171 1387 1222 honestae
1434 1170 1634 1222 rationi
1683 1169 1874 1223 adfinis

198 1244 511 1297 ostenditur.
589 1243 761 1305 Quare
801 1243 970 1295 vitam
1011 1244 1145 1310 61113,
1188 1261 1344 1311 quem
1385 1247 1596 1311 arguet,
1647 1261 1710 1296 ex
1751 1247 1874 1296 ante
1899 1257 1940 1290 15

195 1318 351 1370 factis
408 1321 685 1370 accusator
731 1317 1038 1385 improbare
1091 1316 1306 1368 debebit
1363 1321 1416 1368 et
1472 1316 1774 1384 ostendere,
1829 1317 1876 1369 si

196 1410 300 1459 quo
339 1391 396 1443 in
434 1391 553 1459 pari
595 1394 717 1442 ante
755 1393 976 1458 peccato
1018 1389 1293 1441 convictus
1336 1390 1429 1456 sit,
1472 1386 1515 1440 si
1552 1390 1605 1441 id
1637 1408 1746 1442 non
1784 1408 1876 1458 po-

195 1465 344 1532 terit,
401 1464 447 1516 si
494 1482 653 1532 quam
699 1463 756 1514 in
804 1463 1034 1515 similem
1082 1467 1205 1514 ante
1254 1462 1606 1531 suspitionem
1654 1463 1875 1531 venerit,

197 1556 257 1590 ac
303 1538 559 1603 maxime,
612 1536 658 1589 si
705 1536 822 1587 fieri
868 1536 1090 1603 poterit,
1138 1535 1300 1586 simili
1348 1535 1528 1603 aliquo
1575 1535 1633 1587 in
1681 1553 1874 1605 genere

197 1610 581 1662 eiusdemmodi
614 1627 775 1661 661136
815 1609 995 1676 aliqua
1035 1611 1361 1661 commotum
1399 1626 1647 1676 peccasse
1687 1612 1781 1662 aut
1818 1610 1875 1662 in
1899 1623 1942 1655 20

197 1702 362 1752 aeque
394 1700 591 1751 magna
630 1700 686 1734 re
726 1685 819 1733 aut
856 1682 914 1732 in
953 1681 1154 1733 maiore
1203 1684 1297 1733 aut
1334 1681 1392 1733 in
1432 1681 1658 1750 minore,
1705 1685 1766 1734 ut
1815 1683 1875 1750 si,

198 1775 355 1825 quem
396 1756 522 1824 quid
560 1756 784 1824 pecunia
824 1755 967 1806 dicat
1005 1754 1281 1807 inductum
1319 1754 1531 1823 fecisse,
1577 1755 1754 1824 possit
1793 1755 1876 1808 de-

197 1833 498 1882 monstrare
546 1829 728 1898 aliqua
773 1829 831 1880 in
876 1846 932 1880 re
980 1828 1092 1880 eius
1135 1828 1349 1896 aliquod
1396 1828 1600 1881 factum
1639 1846 1875 1881 avarum.

109 1923 163 1963 33
196 1903 334 1955 Item
374 1904 430 1955 in
470 1903 617 1955 omni
657 1919 817 1954 causa
855 1905 1104 1953 naturam
1145 1906 1237 1953 aut
1268 1902 1467 1954 victum
1504 1905 1599 1954 aut
1638 1902 1874 1954 studium

197 1980 290 2029 aut
328 1976 603 2029 fortunam
644 1979 736 2027 aut
777 1974 980 2044 aliquid
1019 1992 1218 2043 eorum,
1263 1993 1397 2043 quae
1437 1975 1679 2043 personis
1721 1976 1873 2028 attri·
1899 1987 1941 2020 25

197 2051 329 2102 buta
370 2052 517 2116 sunt,
565 2049 631 2100 ad
671 2067 789 2101 eam
829 2066 1066 2115 causam,
1119 2066 1224 2116 qua
1263 2051 1600 2101 commotum.
1626 2065 1875 2117 peccasse

199 2123 359 2189 dicet,
407 2123 696 2192 adiungere
744 2126 904 2190 atque
944 2139 1006 2173 ex
1046 2121 1248 2190 dispari
1288 2139 1498 2190 quoque
1538 2139 1730 2191 genere
1769 2122 1876 2175 cul-

197 2215 413 2265 parum,
465 2196 510 2247 si
550 2213 612 2247 ex
652 2195 772 2264 pari
812 2195 1053 2247 sumendi
1089 2194 1320 2247 facultas
1361 2213 1469 2247 non
1509 2195 1631 2262 erit,
1679 2195 1875 2264 impro-

199 2271 327 2322 bare
361 2269 599 2321 animum
633 2268 926 2320 adversarii
952 2268 1243 2336 oportebit:
1279 2269 1325 2320 si
1350 2268 1578 2320 avaritia
1600 2268 1875 2321 inductum

200 2360 394 2411 arguas
433 2342 636 2409 fecisse,
678 2344 732 2393 et
764 2359 983 2393 avarum
1017 2359 1152 2408 eum,
1193 2359 1351 2409 quem
1392 2359 1620 2409 66611363,
1660 2341 1875 2394 demon·
1900 2355 1942 2386 30

200 2419 370 2468 strare
409 2433 518 2468 non
556 2415 747 2484 possiS,
799 2414 918 2466 aliis
960 2414 1187 2466 adfinem
1227 2415 1373 2466 vitiis
1414 2432 1529 2467 esse
1569 2414 1772 2483 doceaS,
1824 2418 1878 2467 et

201 2507 263 2540 ex
297 2507 358 2540 66
388 2507 444 2540 re
473 2507 583 2541 non
615 2506 730 2541 esse
762 2487 1079 2555 mirandum,
1113 2488 1203 2556 qui
1240 2489 1297 2539 in
1336 2488 1434 2540 illa
1472 2506 1529 2540 re
1568 2488 1742 2557 turpis
1782 2491 1877 2541 aut

200 2562 420 2630 cupidus
469 2566 561 2613 aut
607 2562 857 2629 petulans
902 2561 1088 2626 fuerit,
1144 2561 1244 2613 hac
1293 2579 1502 2629 quoque
1547 2561 1605 2613 in
1651 2579 1709 2612 re
1756 2578 1875 2614 eum

201 2635 498 2702 deliquisse.
563 2633 834 2695 Quantum
868 2634 1010 2686 enim
1042 2634 1105 2685 de
1141 2634 1422 2686 honestate
1461 2637 1516 2686 et
1554 2634 1875 2686 auctoritate

201 2708 328 2775 61113,
368 2708 458 2775 qui
500 2708 761 2777 arguitur,
800 2708 1099 2760 detractum
1134 2710 1229 2775 est,
1269 2707 1582 2759 tantundem
1615 2707 1678 2759 de
1708 2707 1876 2760 facul·
1899 2718 1943 2752 35

113 2798 169 2837 34
201 2784 314 2832 tate
356 2780 514 2846 [eius]
556 2781 723 2833 totius
764 2784 845 2832 est
879 2780 1202 2833 defensionis
1237 2780 1583 2833 deminutum.
1647 2778 1703 2832 Si
1740 2779 1878 2832 nulli

202 2853 388 2905 adfinis
442 2854 645 2921 poterit
692 2853 823 2906 vitio
879 2871 1001 2906 reus
1053 2857 1176 2906 ante
1225 2853 1457 2906 admisso
1506 2853 1878 2922 demonstrari,
