2075 3235
265 107 334 159 88
819 107 900 151 AD
933 107 979 152 C.
1011 106 1376 151 HERENNIUM

265 229 367 292 est,
406 227 507 280 hoc
548 228 727 280 modo:
776 226 936 278 ‘Nam
977 245 1112 294 quae
1151 228 1358 295 reliqua
1397 246 1517 297 spes
1558 232 1739 282 manet
1775 230 1932 284 liber·

263 299 411 367 tatis,
444 301 489 351 si
521 301 630 351 illis
665 304 717 352 et
751 299 891 367 quod
923 300 1071 367 libet,
1102 299 1242 366 licet,
1275 304 1329 352 et
1355 301 1657 368 quodlicet,
1687 306 1930 371 possunt,

264 375 316 424 et
356 374 497 441 quod
536 376 785 441 possunt,
827 372 1044 439 audent,
1084 378 1136 423 et
1176 373 1317 440 quod
1357 373 1574 443 audent,
1611 375 1838 442 faciunt,
1877 379 1931 428 et
2028 388 2033 403 ”

264 446 405 513 quod
443 446 666 509 faciunt,
707 445 857 496 vobis
898 445 1185 497 molestum
1224 463 1333 498 non
1372 446 1506 498 estP'
1582 446 1744 500 Item:
1787 447 1932 500 ‘Non
2024 466 2051 517 ³⁴5

265 519 405 570 sensi
430 519 545 584 hoc,
570 523 623 569 et
646 535 754 568 11011
781 518 938 584 suasi,
963 536 1131 585 neque
1158 519 1317 585 suasi,
1343 522 1396 570 et
1419 537 1527 571 non
1549 521 1665 588 ipse
1692 521 1926 588 [statim]
1975 535 1995 567 5
2046 521 2051 534 ¹

261 590 435 642 facere
469 591 633 658 coepi,
670 608 841 658 neque
873 591 1047 642 facere
1080 592 1247 659 coepi,
1287 595 1341 642 et
1371 609 1481 643 non
1511 592 1723 660 perfeci,
1753 612 1931 662 >neque

263 663 484 731 perfeci,
535 667 587 715 et
633 681 742 714 non
792 663 1050 731 probavi?
1135 663 1296 715 Item:
1348 663 1623 717 ‘Africano
1674 665 1930 718 virtutem
2032 656 2052 740 Ξ

261 736 540 802 industria,
580 736 752 787 virtus
794 737 1037 805 gloriam,
1078 737 1255 805 gloria
1288 738 1527 789 aemulos
1559 738 1929 807 comparavit.2
2040 749 2043 754 '

262 808 420 860 Item:
447 809 757 877 ‘Imperium
776 807 1029 861 Graeciae
1053 809 1156 860 fuit
1180 827 1341 877 penes
1367 810 1736 879 AthenienseS,
1760 811 1931 864 Athe-
2050 871 2053 888 ἶ

261 882 526 933 niensium
559 882 721 949 potiti
754 886 878 934 sunt
913 881 1237 951 Spartiatae,
1278 880 1579 951 Spartiatas
1613 902 1930 953 superavere
1955 900 1998 932 ιο
2049 904 2053 937 1

262 954 520 1021 Thebani,
560 954 844 1007 Thebanos
877 955 1193 1007 Macedones
1233 956 1494 1023 vicerunt,
1533 957 1624 1024 qui
1663 957 1731 1009 ad
1768 957 1931 1026 impe·
2046 989 2053 1035 5

261 1028 400 1080 rium
434 1027 688 1080 Graeciae
717 1029 870 1080 brevi
901 1032 1142 1097 tempore
1176 1028 1533 1081 adiunxerunt
1564 1029 1752 1082 Asiam
1784 1031 1929 1083 bello
2050 1039 2052 1042 ⁴

176 1116 229 1154 35
265 1100 576 1153 subactam.'
653 1100 834 1153 Habet
872 1102 928 1152 in
969 1120 1023 1153 se
1065 1102 1329 1169 quendam
1369 1102 1605 1171 leporem
1638 1104 1929 1171 superioris

262 1174 515 1242 cuiusque
547 1173 733 1227 crebra
764 1175 1014 1243 repetitio
1048 1175 1212 1243 verbi,
1247 1193 1382 1243 quae
1413 1175 1634 1244 propria
1660 1179 1742 1228 est
1772 1176 1929 1229 huius
2048 1211 2054 1264 5

263 1247 640 1299 exornationis,
1956 1262 1997 1296 15
2048 1264 2053 1282 ⁹

407 1320 661 1372 Definitio
688 1323 784 1387 est,
811 1339 944 1388 quae
968 1321 1046 1372 rei
1071 1321 1292 1373 alicuius
1317 1322 1563 1391 proprias
1589 1323 1932 1391 amplectitur
2048 1319 2049 1322 ¹

261 1396 560 1461 potestates
601 1394 837 1445 breviter
876 1397 930 1445 et
970 1394 1238 1462 absolute,
1285 1395 1387 1447 11οο
1427 1395 1606 1447 modo:
1655 1395 1929 1449 ‘Maiestas

262 1467 340 1517 rei
378 1467 624 1534 publicae
665 1470 761 1534 est,
799 1467 856 1517 in
896 1485 1000 1534 qua
1040 1467 1341 1519 continetur
1382 1467 1616 1537 dignitas
1657 1472 1712 1520 et
1744 1469 1932 1538 ampli-

261 1539 391 1591 tudo
432 1539 702 1591 civitatis.'
777 1538 938 1590 Item:
980 1539 1229 1592 ‘Iniuriae
1270 1544 1409 1608 sunt,
1449 1559 1584 1608 quae
1623 1545 1716 1593 aut
1753 1543 1930 1610 pulsa-

260 1612 407 1664 tione
448 1630 639 1680 corpus
674 1619 762 1665 aut
795 1613 1028 1664 convitio
1063 1631 1216 1664 aures
1250 1617 1342 1665 aut
1382 1613 1565 1681 aliqua
1595 1615 1928 1683 turpitudine
1953 1629 1996 1661 20

261 1685 430 1736 vitam
482 1686 778 1753 cuiuspiam
826 1685 1064 1737 violant.⁹
1142 1685 1302 1738 Item:
1353 1684 1496 1738 eNon
1543 1690 1626 1739 est
1662 1688 1770 1740 ista
1815 1688 1929 1740 dili-

262 1758 458 1826 gentia,
499 1759 591 1810 sed
631 1758 872 1825 avaritia,
911 1758 1028 1810 ideo
1071 1759 1212 1826 quod
1252 1759 1532 1829 diligentia
1564 1764 1646 1812 est
1677 1761 1931 1814 adcurata

262 1832 597 1883 conservatio
618 1850 849 1897 suorum,
867 1831 1094 1883 avaritia
1109 1832 1370 1884 iniuriosa
1388 1833 1649 1901 appetitio
1668 1833 1928 1887 aliorum?

260 1903 421 1955 Item:
463 1904 606 1956 tNon
638 1909 719 1957 est
750 1905 857 1956 ista
887 1905 1164 1971 fortitudo,
1198 1906 1288 1957 sed
1320 1906 1610 1974 temeritaS,
1641 1911 1928 1976 propterea

263 1977 404 2044 quod
443 1977 705 2030 fortitudo
739 1981 820 2030 est
852 1979 1180 2046 contemptio
1220 1979 1422 2030 laboris
1464 1982 1517 2030 et
1554 1981 1778 2048 periculi
1810 1999 1928 2033 cum
1954 1993 1996 2026 25

260 2050 469 2102 ratione
509 2051 763 2102 utilitatis
813 2054 865 2102 et
913 2052 1347 2119 compensatione
1394 2053 1817 2121 commodorum,
1855 2057 1930 2106 te-

261 2123 481 2174 meritas
538 2127 620 2174 est
674 2142 793 2175 cum
842 2124 1235 2176 inconsiderata
1287 2125 1533 2177 dolorum
1587 2127 1929 2195 perpessione

262 2195 587 2265 gladiatoria
638 2197 998 2264 periculorum
1054 2197 1355 2266 susceptio?
1432 2197 1580 2251 Haec
1625 2199 1743 2251 ideo
1791 2218 1930 2252 com·

261 2269 420 2320 moda
458 2272 679 2338 putatur
720 2271 1018 2337 exornatio,
1068 2270 1209 2338 quod
1249 2289 1460 2323 omnem
1510 2273 1587 2323 rei
1633 2272 1929 2341 cuiuspiam

260 2341 369 2393 vim
409 2346 462 2393 et
498 2345 825 2412 potestatem
864 2343 942 2394 ita
982 2343 1207 2395 dilucide
1247 2344 1501 2412 proponit
1542 2346 1619 2410 [et
1655 2345 1998 2414 breviter],30

260 2418 320 2466 ut
351 2432 521 2482 neque
546 2415 790 2484 pluribus
822 2416 999 2468 verbis
1032 2417 1333 2484 oportuisse
1360 2417 1462 2470 dici
1494 2417 1736 2470 videatur
1757 2436 1929 2487 neque

260 2487 473 2539 brevius
514 2488 753 2556 potuisse
794 2489 896 2541 dici
935 2492 1167 2557 putetur.

171 2557 242 2610 26
407 2560 678 2613 Transitio
733 2565 978 2628 vocatur,
1037 2581 1169 2629 quae
1219 2581 1340 2615 cum
1396 2564 1632 2616 ostendit
1680 2564 1929 2632 breviter,

262 2632 388 2700 quid
422 2633 621 2685 dictum
656 2635 742 2700 sit,
772 2635 1026 2704 proponit
1049 2635 1178 2687 item
1204 2636 1366 2703 brevi,
1399 2636 1526 2704 quid
1558 2640 1928 2705 consequatur,

259 2705 360 2757 hoc
390 2710 574 2774 pacto.
607 2677 785 2759 Modo
818 2709 874 2759 in
905 2707 1137 2776 patriam
1171 2709 1467 2761 cuiusmodi
1499 2709 1673 2777 fuerit,
1703 2709 1929 2778 habetis,
1952 2722 1996 2756 35

258 2796 398 2830 nunc
430 2798 622 2846 parens
651 2780 824 2848 qualis
852 2781 1134 2848 exstiterit,
1167 2780 1532 2834 considerate?
1594 2781 1755 2834 Item.
1788 2781 1929 2834 Mea

257 2850 315 2902 in
353 2851 516 2903 istum
548 2852 806 2906 beneficia
838 2854 1135 2923 cognostis3
1173 2873 1327 2923 nunc,
1360 2854 1624 2923 quomodo
1662 2854 1765 2906 iste
1796 2854 1928 2906 mihi
