2080 3204
535 51 718 96 LIBER
748 52 824 97 iv.
890 50 1016 96 cAP.
1049 58 1176 96 4—5.
1241 57 1265 106 ξ
1299 58 1428 97 6—8.
1742 55 1810 108 69

131 173 407 227 commode
446 172 660 225 scribet.
714 173 803 240 Et,
843 172 889 224 si
929 175 1011 224 est
1042 172 1272 224 maxime
1306 173 1671 241 artificiosum,
1705 175 1810 228 alio

130 252 371 315 tempore
419 249 642 297 utantur
691 264 752 297 ea
797 245 1078 311 facultate,
1126 263 1234 298 non
1272 248 1410 312 tum,
1457 265 1576 298 cum
1623 266 1810 315 parere

130 320 236 389 ipsi
285 322 338 372 et
384 319 606 388 gignere
657 323 709 370 et
754 318 994 387 proferre
1036 318 1244 370 debent.
1320 317 1602 372 Postremo
1642 321 1697 372 in
1749 339 1809 373 eo

130 393 240 445 vim
291 392 505 444 artificii
552 396 891 458 consumant,
945 395 1005 443 ut
1051 392 1158 460 ipsi
1205 392 1272 444 ab
1321 392 1440 444 aliis
1487 394 1669 462 potius
1717 394 1811 445 eli-

86 482 106 515 5
131 466 313 536 gendi,
376 483 537 534 quam
601 466 828 517 aliorum
889 465 1017 518 boni
1079 467 1361 518 selectores
1425 466 1811 518 existimentur.

131 539 332 592 Contra
389 557 463 603 ea,
521 557 655 607 quae
708 540 774 591 ab
821 539 886 590 iis
937 538 1200 604 dicuntur,
1252 539 1343 607 qui
1392 539 1574 591 dicunt
1622 540 1810 592 alienis

129 612 385 680 exemplis
426 613 506 663 uti
547 615 810 680 oportere,
850 612 982 664 satis
1033 615 1115 663 est
1156 612 1368 665 dictum.
1444 613 1624 680 Nunc,
1677 632 1810 681 quae

130 686 422 755 separatim
464 685 567 738 dici
605 686 840 754 possint,
882 685 1292 738 consideremus,

275 759 517 812 Dicimus
556 759 724 828 igitur
757 777 846 811 eos
882 760 1046 824 [cum]
1079 759 1148 825 id,
1181 759 1321 826 quod
1354 759 1542 811 alienis
1575 762 1810 827 utantur,
1830 778 1862 813 o

62 850 104 881 10
127 851 368 901 peccare,
416 836 532 884 tum
572 833 747 902 magis
788 832 951 884 etiam
992 832 1322 900 delinquere,
1373 833 1514 900 quod
1554 851 1584 884 a
1624 833 1811 884 multis

130 907 373 975 exempla
406 909 636 958 sumant.
682 905 756 956 Et
782 906 844 957 de
870 924 947 974 eo,
980 905 1122 974 quod
1152 910 1342 974 postea
1375 906 1619 973 diximUS,
1653 910 1811 958 antea

126 980 415 1032 videamus.
487 979 544 1032 Si
598 979 940 1032 concederem
997 980 1171 1032 aliena
1228 982 1475 1048 oportere
1532 979 1811 1031 adsumere

127 1054 385 1122 exempla,
410 1053 676 1105 vincerem
701 1054 857 1104 unius
885 1056 1148 1122 oportere,
1180 1054 1414 1120 primum
1451 1053 1592 1121 quod
1626 1057 1812 1105 contra

126 1127 228 1180 hoc
267 1127 419 1179 nulla
460 1130 630 1178 staret
663 1127 881 1178 illorum
913 1127 1068 1180 rati0.
1133 1126 1342 1179 Liceret
1375 1127 1516 1179 enim
1550 1127 1811 1196 eligerent

63 1217 104 1248 15
131 1205 183 1252 et
222 1201 518 1270 probarent
558 1200 868 1268 quemlibet,
909 1201 999 1268 qui
1039 1200 1142 1252 sibi
1180 1200 1236 1251 in
1277 1218 1459 1252 omnes
1500 1219 1584 1252 res
1626 1219 1812 1269 suppe-

131 1275 329 1326 ditaret
355 1274 614 1342 exempla,
647 1274 732 1325 vel
765 1276 983 1342 poetam
1014 1274 1101 1326 vel
1134 1277 1420 1341 oratorem,
1454 1275 1601 1326 cuius
1637 1278 1812 1326 aucto-

125 1349 287 1400 ritate
343 1348 659 1399 niterentur.
736 1345 942 1398 Deinde
997 1347 1222 1399 interest
1275 1348 1462 1417 magni
1525 1348 1660 1414 61115,
1723 1348 1813 1416 qui

126 1422 326 1474 discere
366 1421 498 1488 vult,
543 1424 726 1472 utrum
772 1438 937 1472 unum
986 1421 1167 1473 omnia
1207 1440 1274 1473 an
1326 1421 1505 1473 omnia
1544 1421 1813 1473 neminem

127 1495 296 1560 [aliud
335 1495 522 1578 alium]
562 1497 718 1563 putet
758 1495 1011 1563 consequi
1057 1512 1229 1563 posse.
1307 1493 1364 1546 Si
1415 1496 1556 1546 enim
1596 1495 1813 1563 putabit

61 1584 104 1616 20
127 1586 285 1636 posse
325 1569 505 1620 omnia
550 1586 712 1636 penes
761 1586 925 1620 unum
975 1569 1291 1637 consistere,
1338 1568 1454 1637 ipse
1496 1586 1704 1637 quoque
1745 1569 1811 1620 ad

130 1642 369 1694 omnium
400 1642 604 1693 nitetur
635 1641 966 1693 facultatem.
1023 1641 1079 1693 Si
1110 1642 1164 1693 id
1198 1642 1507 1711 desperarit,
1539 1643 1595 1693 in
1626 1642 1810 1710 paucis

128 1734 182 1768 se
239 1715 528 1782 exercebit,
575 1715 708 1783 ipsis
761 1715 902 1766 enim
954 1719 1235 1767 contentus
1289 1716 1411 1783 erit,
1457 1733 1552 1768 nec
1600 1715 1811 1782 mirum,

127 1808 246 1842 cum
285 1789 401 1858 ipse
439 1792 759 1857 praeceptor
799 1789 931 1840 artis
973 1790 1152 1841 omnia
1183 1807 1344 1858 penes
1377 1807 1543 1840 unum
1576 1789 1810 1857 reperire

125 1881 233 1916 non
287 1863 539 1931 potuerit.
611 1862 823 1914 Adlatis
880 1862 1048 1932 igitur
1105 1863 1361 1931 exemplis
1418 1881 1450 1914 a
1505 1861 1725 1929 Catone,
1781 1881 1812 1914 a

60 1950 102 1984 25
128 1936 398 2004 Gracchis,
431 1954 462 1988 a
492 1935 692 2003 Laelio,
726 1954 757 1988 a
789 1934 1035 2004 Scipione
1078 1936 1291 2004 [Galba,
1323 1935 1567 2003 Porcina,
1601 1935 1811 2003 CraSSO,

127 2010 387 2075 Antonio]
429 2009 635 2077 ceteriS,
675 2010 807 2061 item
848 2010 1079 2078 sumptis
1123 2011 1288 2076 [aliis]
1332 2029 1362 2062 a
1401 2010 1577 2079 po'etis
1620 2011 1696 2075 [et
1734 2009 1811 2060 hi-

129 2084 417 2136 storiarum
458 2084 859 2152 scriptoribus],
903 2102 1119 2136 necesse
1161 2084 1263 2136 erit
1304 2102 1446 2153 eum,
1498 2083 1590 2152 qui
1630 2083 1811 2147 discet,

127 2160 317 2226 putare
357 2157 425 2208 ab
467 2157 714 2209 omnibus
755 2158 949 2225 omnia,
991 2158 1056 2210 ab
1097 2176 1203 2210 uno
1244 2176 1416 2226 pauca
1447 2158 1537 2209 vix
1568 2158 1811 2226 potuisse

129 2231 280 2283 sumi.
337 2229 511 2291 Quare
542 2231 700 2283 unius
734 2231 958 2284 alicuius
992 2249 1107 2284 esse
1141 2232 1370 2283 similem
1405 2231 1536 2283 satis
1568 2231 1804 2297 habebit,
1838 2233 1862 2272 8

59 2319 103 2352 30
128 2305 322 2371 omnia,
362 2322 496 2372 quae
536 2322 719 2356 omnes
757 2305 1062 2369 habuerint,
1103 2306 1278 2358 solum
1317 2305 1516 2357 habere
1556 2322 1611 2356 se
1650 2323 1810 2373 posse

128 2378 348 2430 diffidet.
408 2377 557 2447 Ergo
603 2378 792 2431 inutile
840 2382 921 2431 est
962 2379 1023 2447 ei,
1065 2380 1155 2447 qui
1196 2379 1396 2431 discere
1435 2379 1566 2445 vult,
1618 2381 1810 2446 putare

126 2470 291 2504 unum
329 2451 597 2503 neminem
638 2453 815 2504 omnia
845 2471 1019 2522 posse.
1080 2453 1257 2523 Igitur
1288 2469 1446 2504 nemo
1479 2452 1536 2503 in
1566 2451 1705 2503 hanc
1735 2452 1810 2502 in-

127 2525 327 2578 cideret
382 2525 709 2593 opinionem,
765 2527 811 2578 si
866 2527 932 2578 ab
987 2545 1093 2578 uno
1146 2526 1391 2594 exempla
1439 2526 1810 2595 sumpsissent.

126 2598 283 2651 Nunc
321 2598 423 2650 hoc
464 2599 607 2667 signi
647 2602 728 2651 est
759 2600 906 2668 ipsos
949 2600 1080 2652 artis
1122 2600 1410 2669 scriptores
1450 2618 1560 2652 non
1590 2602 1809 2668 putasse

57 2687 102 2720 35
125 2691 291 2725 unum
323 2672 563 2740 potuisse
594 2672 648 2724 in
682 2674 928 2725 omnibus
963 2675 1282 2726 elocutionis
1314 2673 1559 2742 partibus
1594 2672 1808 2736 enitere,

125 2746 379 2815 quoniam
426 2763 599 2814 neque
649 2763 746 2798 sua
791 2748 1136 2816 protulerunt
1173 2765 1346 2816 neque
1385 2747 1543 2799 unius
1585 2746 1807 2798 alicuius

125 2824 219 2873 aut
270 2819 495 2888 denique
544 2819 800 2888 duorum,
850 2821 942 2872 sed
991 2821 1058 2873 ab
1106 2821 1353 2873 omnibus
1409 2820 1714 2873 oratoribus
1757 2822 1809 2870 et
