2080 3204
163 228 267 259 Anni
303 228 404 258 Ante

164 272 211 304 U.
230 271 269 302 o.
305 270 422 302 urz..

180 334 261 373 711
325 334 421 372 43’

662 93 782 136 PER
813 78 1018 136 ANNos
1050 92 1326 142 DieEsTA.
1359 106 1365 112 ·
1690 91 1842 135 xxm

420 246 423 279 ¹
1021 246 1027 251 ’
1735 227 1840 301 ῒῖἓί

449 326 671 370 incubuit.
733 326 888 371 Pridie
925 329 1081 371 tamen
1111 327 1229 371 Non.
1261 328 1355 372 Ian.
1400 328 1578 371 factum
1617 327 1688 370 est
1755 334 1811 372 64

420 385 642 439 38Ctum,
689 388 742 429 ut
781 386 874 429 Ser.
921 386 1172 442 Sulpicius,
1221 387 1270 429 L.
1314 386 1443 439 Piso,
1486 386 1534 429 L.
1577 384 1683 428 Phi-

451 443 605 500 lippus
655 459 756 488 cum
785 446 1034 488 'mandatis
1081 446 1140 488 ad
1187 445 1436 488 Antonium
1481 443 1718 525 proficis-ff

452 504 663 546 cerentur
709 504 841 558 eique
889 504 1236 559 denuntiarent,
1287 517 1344 546 ne
1391 504 1444 546 D.
1493 502 1718 557 Brutum,

452 564 758 618 oppugnaret,
799 575 856 606 ne
896 562 1100 605 delectus
1139 563 1353 614 haberet,
1395 562 1442 605 et
1480 563 1531 604 ut
1563 562 1686 604 esset

449 620 498 663 in
531 621 572 664 S.
605 620 653 665 P.
690 621 740 673 Q.
774 622 825 664 R..
863 622 1108 676 potestate,
1171 621 1238 664 De
1272 634 1324 664 eo
1359 619 1476 664 SCto
1511 619 1684 673 Cicero,
1767 671 1771 674 q

449 678 496 722 in
534 678 809 723 contionem'
833 679 1083 734 productus
1123 680 1182 722 ab
1215 679 1443 735 Appuleio
1482 678 1588 722 trib.
1622 678 1684 733 pl.

450 738 510 781 ad
550 738 773 794 populum
815 738 999 786 rettulit
1037 738 1301 793 Philippica
1338 742 1477 781 sexta.
1541 737 1685 780 Paulo

449 798 556 853 post
587 811 691 841 cum
722 795 871 840 Pansa
903 797 1062 839 consul
1094 800 1305 840 senatum
1339 797 1394 840 de
1426 796 1580 851 Appia
1610 795 1686 839 via

451 859 498 899 et
529 856 585 898 de
617 855 816 908 Moneta,
855 869 972 897 unus
1005 859 1160 899 autem
1191 855 1294 898 trib.
1330 856 1391 910 pl.
1426 856 1481 898 de
1515 855 1686 910 Luper-

452 914 516 957 cis
558 914 884 967 consuluisset,
933 912 1090 957 Cicero
1134 913 1183 956 in
1221 914 1450 957 sententia
1491 913 1686 956 dicenda

451 986 661 1029 egressus
695 975 764 1015 est
794 972 1067 1015 relationem
1099 973 1146 1015 et
1170 973 1457 1028 (Philippica
1479 973 1683 1027 septima)

451 1046 612 1087 pacem
667 1044 770 1074 cum
823 1030 1025 1075 Antonio
1083 1031 1318 1084 dissuasit,
1377 1030 1484 1086 quia
1536 1031 1685 1085 turpis

451 1091 590 1143 esset,
632 1090 741 1144 quia
778 1087 1057 1145 periculosa,
1092 1091 1201 1144 quia
1240 1103 1339 1133 esse
1380 1103 1473 1132 non
1513 1089 1684 1145 posset.

380 1155 383 1157 “
450 1147 613 1204 Legati
644 1148 702 1190 ab
726 1148 927 1191 Antonio
958 1150 1157 1204 (praeter
1184 1149 1276 1192 Ser.
1305 1147 1573 1202 Sulpicium,
1607 1148 1686 1202 qui

367 2415 371 2419 -
423 2361 628 2687 llabella
675 2384 896 2439 Smyrnae
956 2384 1270 2428 crudelissime
1326 2384 1589 2427 verberibus
1637 2397 1688 2426 ac

342 2827 344 2829 »
425 2822 430 2906 Ι
455 2797 705 2851 productus
736 2810 775 2841 a.
801 2797 861 2841 M.
890 2795 1084 2839 Servilio
1115 2795 1219 2840 trib.
1246 2797 1309 2853 pl.
1335 2796 1383 2839 in
1412 2794 1689 2848 contionem,

450 1207 499 1250 in
538 1207 768 1263 legatione
809 1206 1003 1261 obierat)
1042 1207 1177 1251 initio
1218 1207 1348 1251 Febr.
1382 1207 1578 1250 Romam
1617 1220 1685 1250 re-

419 1266 571 1322 'versi
616 1264 930 1309 intolerabilia
973 1265 1165 1309 Antonii
1210 1266 1448 1321 postulata
1496 1266 1685 1308 rettule-

419 1326 422 1340 '
450 1327 570 1369 runt.
592 1334 595 1335 ’
620 1324 816 1367 Senatus
847 1325 1100 1368 tumultum
1128 1325 1467 1369 decernendum
1493 1324 1684 1378 censuit,

443 1387 556 1427 ‘cum
602 1382 716 1427 belli
760 1397 929 1427 nomen
973 1383 1206 1428 nonnullis
1254 1384 1379 1426 haud
1421 1382 1686 1438 placuisset,

452 1442 575 1498 quod.
608 1442 764 1495 Cicero
795 1441 910 1485 Idib.
944 1443 1076 1486 Mart.
1114 1443 1385 1498 Philippica
1427 1447 1584 1486 octava
1615 1456 1686 1485 re-

450 1501 696 1556 prehendit
734 1502 1005 1556 Fufiumque
1040 1502 1260 1545 Calenum
1301 1501 1356 1545 de
1401 1515 1514 1556 pace
1549 1515 1686 1556 agen·
1715 1523 1719 1536 ·

451 1564 545 1604 tem
609 1561 814 1616 aliosque
870 1559 1072 1604 Antonio
1135 1561 1344 1604 faventes
1407 1559 1685 1615 obiurgavit.

420 1633 424 1703 i
452 1619 680 1663 Postridie
715 1633 818 1662 cum
852 1619 908 1661 de
940 1619 1144 1663 ornando
1179 1619 1271 1663 Ser.
1304 1619 1507 1674 Sulpicio
1539 1620 1588 1662 in
1621 1632 1688 1662 se-

420 1680 565 1732 ,natu
596 1680 830 1733 ageretur,
872 1677 1031 1722 Cicero
1074 1681 1275 1722 statuam
1319 1679 1582 1734 pedestrem
1613 1690 1686 1720 ae-

420 1738 424 1780 l
454 1750 587 1780 neam
627 1737 675 1779 in
706 1736 884 1795 Rostris
926 1736 970 1780 ei
999 1738 1260 1792 ponendam
1294 1738 1472 1780 censuit
1507 1736 1687 1791 Philip-

447 1797 557 1851 pica
595 1809 731 1838 πονια.
793 1795 959 1838 Postea
999 1809 1102 1838 cum
1142 1796 1294 1839 Pansa
1333 1810 1422 1840 cos,
1463 1795 1523 1839 M.
1558 1795 1688 1838 Bruti

454 1857 506 1909 (s.
542 1853 592 1906 Q.
627 1853 870 1909 Caepionis
903 1855 1049 1909 Bruti)
1090 1855 1267 1898 litteras
1308 1855 1491 1910 publice
1524 1853 1687 1897 missas

454 1913 509 1956 de
548 1913 684 1956 rebus
730 1914 778 1956 in
818 1912 1091 1956 Macedonia
1134 1913 1334 1957 feliciter
1382 1912 1524 1970 gestis
1572 1912 1720 1964 reci-¹

452 1974 596 2015 tasset
631 1985 828 2026 eumque
863 1971 911 2024 Q.
946 1972 1099 2015 Fufius
1132 1971 1327 2015 Calenus
1362 1973 1686 2028 oppugnasset,
1718 1965 1721 2034 ζ

455 2030 612 2074 Cicero
641 2031 907 2086 Philippica
938 2031 1109 2074 decima
1138 2031 1358 2074 Calenum
1389 2030 1612 2074 refutavit
1643 2032 1721 2087 et:

420 2068 426 2358 ι
454 2090 505 2142 Q.
539 2090 785 2132 Hortensio
819 2088 1117 2133 Macedoniae
1149 2103 1346 2145 procos,
1387 2090 1467 2145 qui
1500 2090 1688 2132 Brutum
1717 2084 1722 2160 l

452 2149 501 2191 in
532 2149 842 2204 comparando
877 2148 1081 2192 exercitu
1112 2148 1375 2202 adiuverat,
1416 2149 1550 2192 huius
1585 2161 1688 2204 pro-

453 2207 631 2251 vinciae
684 2207 1130 2254 administrationem
1186 2208 1545 2252 confirmandam
1592 2220 1688 2250 esse

456 2266 645 2310 censuit.
695 2266 755 2309 Et
786 2281 889 2309 cum
915 2268 1022 2309 ante
1048 2267 1146 2310 Kal.
1175 2266 1320 2323 April.
1348 2267 1543 2309 Romam
1577 2266 1689 2308 alla·
1718 2284 1722 2301 ι

454 2330 554 2367 tum
587 2326 717 2372 esset,
738 2326 794 2369 de
827 2330 971 2369 morte
1006 2325 1051 2368 C.
1087 2326 1318 2380 Trebonii,
1356 2339 1493 2380 quem
1525 2324 1572 2366 P.
1599 2324 1687 2368 Do·
1718 2303 1723 2416 i

456 2443 698 2502 tormentis
732 2443 985 2487 cruciatum
1024 2443 1352 2497 interfecerat,
1383 2442 1514 2497 isque
1546 2442 1690 2486 hostis

455 2502 686 2545 iudicatus
719 2504 857 2555 esset,
905 2501 1062 2545 Cicero
1095 2502 1339 2558 postridie,
1382 2515 1485 2544 cum
1518 2501 1574 2544 de
1605 2501 1688 2543 im-

455 2563 667 2616 peratore
708 2561 928 2604 adversus
967 2561 1260 2604 Dolabellam
1300 2562 1533 2616 ageretur,
1577 2559 1689 2603 Phi-

457 2621 674 2674 lippicam
710 2619 877 2663 habuit
915 2621 1217 2673 undecimam,
1271 2632 1363 2674 qua
1402 2617 1445 2662 C.
1488 2618 1688 2662 Cassium

456 2678 753 2734 deligendum
779 2692 891 2733 esse,
918 2678 999 2734 qui
1021 2679 1310 2722 Dolabellam
1334 2680 1457 2721 terra
1480 2677 1689 2732 marique

455 2739 827 2793 persequeretur,
883 2737 1230 2781 demonstravit.
1315 2737 1522 2780 Eandem
1576 2750 1688 2790 rem,

455 2868 626 2911 magna
648 2855 944 2900 contentione
973 2869 1238 2911 summoque
1272 2855 1472 2899 clamore
1506 2855 1554 2898 et
1585 2865 1690 2898 con-
