2080 3204
191 579 256 630 16

187 654 242 693 28

276 97 348 175 58*
412 116 414 118 ’
481 151 484 153 Α
837 96 918 168 AD
954 91 1402 168 C.HERENN1UM

275 243 399 311 hoc,
441 243 582 311 quod
620 243 744 310 feci,
783 243 897 295 fore
936 243 1127 307 inutile
1167 243 1449 311 putabam,
1488 246 1774 312 propterea
1813 245 1954 312 quod

274 315 362 368 hic
402 316 687 368 admonere
727 316 1016 380 voluimUS‚
1070 315 1196 383 quid
1244 319 1538 383 oporteret:
1593 317 1801 384 reliqua
1846 321 1953 369 tra-

277 389 460 441 demus
504 389 887 441 exercitationi.
965 387 1084 440 Hoc
1127 390 1353 454 [tamen]
1397 389 1529 442 scire
1564 393 1792 459 oportet,
1831 408 1953 459 pro-

274 463 666 515 nuntiationem
709 462 908 513 bonam
940 462 994 513 id
1026 462 1297 530 proficere,
1336 466 1397 514 ut
1436 481 1520 514 res
1554 481 1618 514 ex
1650 464 1829 516 animo
1863 464 1953 533 agi

274 536 532 588 videatur.

422 608 577 660 Nunc
605 607 672 659 acl
695 608 1009 660 thesaurum
1035 609 1376 661 inventorum
1402 612 1562 677 atque
1581 608 1692 675 [ad]
1713 608 1952 661 omnium

276 682 510 749 partium
549 681 849 734 rhetoricae
889 682 1188 749 custodem,
1227 682 1560 749 memoriam,
1598 685 1952 734 transeamus,

275 754 537 807 Memoria
575 757 759 807 utrum
798 755 998 807 habeat
1040 755 1290 823 quiddam
1333 755 1631 824 artificiosi,
1671 773 1739 821 an
1778 755 1951 808 omnis

277 829 342 880 ab
382 831 578 880 natura
616 829 1002 897 proficiscatur,
1035 828 1181 881 aliud
1221 829 1428 881 dicendi
1457 832 1671 898 tempus
1703 828 1951 881 idoneum

212 901 215 903 ’
276 901 504 953 dabitur.
560 900 715 954 Nunc
739 902 962 970 proinde
988 905 1148 971 atque
1174 905 1384 955 constet
1413 903 1469 954 in
1499 902 1601 955 hac
1632 920 1690 954 re
1722 903 1953 954 multum

190 1798 243 1837 29

275 976 450 1027 valere
491 978 665 1027 artem
698 978 751 1027 et
783 976 1229 1045 praeceptionem,
1267 977 1346 1028 ita
1379 976 1441 1028 de
1475 994 1537 1028 ea
1567 994 1625 1028 re
1657 976 1953 1044 loquemur.

275 1048 458 1101 Placet
507 1049 647 1100 enim
701 1049 858 1101 nobis
914 1067 1030 1101 esse
1086 1049 1399 1102 artificium
1421 1049 1733 1116 memoriae,
1790 1067 1952 1117 quare

275 1122 502 1190 placeat,
544 1123 676 1173 alias
712 1122 1076 1191 ostendemus3
1114 1124 1170 1175 in
1201 1124 1520 1190 praesentia,
1552 1123 1850 1175 cuiusmodi
1883 1123 1954 1175 sit

277 1214 338 1247 ea
377 1213 485 1261 reS,
535 1197 850 1264 aperiemus.
931 1196 1065 1248 Sunt
1103 1198 1268 1266 igitur
1315 1197 1448 1249 duae
1488 1196 1799 1249 memoriae:
1846 1214 1952 1248 una

275 1269 564 1336 naturaliS,
612 1270 786 1321 altera
831 1270 1137 1323 artificiosa.
1222 1269 1502 1322 Naturalis
1551 1273 1633 1322 est
1680 1288 1762 1335 ea,
1818 1287 1952 1338 quae

278 1343 479 1394 nostris
536 1343 727 1394 animis
779 1343 944 1395 insita
999 1347 1081 1395 est
1137 1346 1189 1395 et
1246 1344 1406 1395 simul
1456 1363 1575 1396 cum
1624 1343 1952 1413 cogitatione

275 1418 424 1482 nata3
453 1416 744 1468 artificiosa
762 1420 844 1468 est
862 1435 937 1483 ea,
958 1435 1118 1484 quam
1136 1417 1418 1469 confirmat
1434 1405 1672 1469 inductio
1691 1416 1952 1484 quaedam

279 1493 331 1540 et
359 1489 499 1541 ratio
528 1490 936 1558 praeceptionis
993 1488 1094 1542 Sed
1128 1490 1269 1558 quod
1301 1508 1466 1556 genus
1481 1509 1537 1542 1n
1570 1491 1759 1542 ceteris
1793 1490 1952 1543 rebus

276 1562 479 1631 ingenii
523 1562 739 1614 bonitas
786 1563 1032 1615 imitatur
1081 1582 1238 1632 saepe
1289 1564 1608 1632 doctrinam,
1656 1582 1742 1616 ars
1789 1582 1951 1633 porro

275 1639 501 1687 naturae
534 1636 815 1689 commoda
855 1637 1137 1689 confirmat
1177 1640 1230 1688 et
1270 1640 1448 1706 auget,
1486 1637 1617 1690 item
1656 1637 1719 1689 fit
1757 1637 1814 1688 in
1852 1637 1953 1690 hac

276 1727 355 1776 re,
401 1711 461 1760 ut
509 1716 915 1778 nonnumquam
960 1711 1225 1762 naturalis
1273 1710 1554 1775 memoria,
1602 1711 1647 1762 si
1695 1711 1780 1763 cui
1827 1710 1953 1763 data

279 1785 360 1834 est
409 1783 665 1855 egregia,
702 1783 893 1835 similis
943 1784 1013 1836 sit
1057 1784 1182 1837 111116
1231 1784 1573 1852 artificiosae,
1619 1802 1782 1853 porro
1821 1783 1953 1836 haec

278 1855 567 1908 artificiosa
583 1860 809 1910 naturae
828 1858 1107 1910 commoda
1123 1858 1355 1909 retineat
1369 1861 1421 1910 et
1436 1857 1728 1926 amplificet
1742 1857 1953 1910 ratione

279 1929 576 1998 doctrinae3
641 1934 971 2000 quapropter
1034 1935 1088 1983 et
1147 1931 1412 1983 naturalis
1476 1931 1735 1984 memoria
1800 1948 1952 2000 prae-

277 2003 522 2071 ceptione
554 2004 919 2056 confirmanda
951 2008 1046 2072 est,
1084 2008 1145 2056 ut
1178 2005 1249 2056 sit
1281 2005 1514 2074 egregia,
1554 2007 1607 2058 et
1638 2004 1784 2072 haec,
1817 2022 1952 2072 quae

279 2076 523 2128 doctrina
563 2076 742 2145 datur,
772 2078 996 2147 ⁴indiget
1042 2078 1260 2147 ingenii.
1336 2078 1448 2130 Nec
1495 2078 1598 2131 hoc
1645 2077 1818 2145 magis
1860 2081 1953 2130 aut

279 2149 454 2200 minus
488 2150 543 2201 in
573 2150 674 2202 hac
706 2169 777 2218 re,
812 2169 973 2218 quam
1004 2151 1061 2202 in
1094 2151 1282 2203 ceteris
1308 2151 1515 2203 artibus
1541 2152 1617 2219 fit,
1641 2149 1711 2203 'ut
1734 2151 1952 2220 ingenio

1980 916 2020 947 10

1979 1282 2019 1314 15

1978 1651 2020 1684 20

1977 2017 2019 2051 25

277 2223 538 2291 doctrina,
576 2224 950 2292 praeceptione
981 2227 1177 2277 natura
1208 2224 1451 2277 nitescat.
1523 2224 1700 2286 Quare
1740 2227 1794 2277 et
1823 2224 1952 2291 illis,
1991 2275 1996 2279 .

279 2296 370 2364 qui
408 2299 603 2349 natura
643 2315 904 2349 memores
955 2301 1099 2365 sunt,
1150 2298 1301 2350 utilis
1349 2298 1482 2351 haec
1522 2298 1624 2351 erit
1662 2297 1951 2364 institutio,

278 2370 419 2437 quod
469 2373 587 2422 tute
632 2371 795 2440 paulo
844 2373 969 2439 post
1015 2371 1219 2439 poteris
1267 2371 1606 2442 intellegere,
1658 2375 1712 2424 et
1762 2371 1808 2423 si
1853 2371 1949 2438 illi,

275 2442 400 2495 freti
431 2443 664 2513 ingenio,
703 2444 877 2496 nostri
908 2463 1017 2496 non
1049 2445 1367 2514 indigerent,
1400 2448 1584 2497 tamen
1613 2445 1771 2497 iusta·
1790 2462 1951 2503 causa

278 2516 508 2585 daretur,
542 2535 705 2585 quare
729 2518 811 2585 iiS,
844 2517 936 2586 qui
960 2518 1134 2569 minus
1167 2518 1370 2587 ingenii
1392 2518 1610 2587 habent,
1643 2518 1950 2570 adiumento

275 2590 502 2642 velimus
544 2609 673 2643 esse.
742 2590 910 2643 Nunc.
937 2591 1001 2642 de
1034 2591 1324 2644 artificiosa
1356 2592 1616 2645 memoria
1654 2592 1950 2659 loquemur.

277 2660 504 2715 Constat
543 2664 713 2733 igitur
753 2664 1043 2717 artificiosa
1084 2665 1343 2717 memoria
1383 2683 1445 2717 ex
1486 2665 1641 2733 lociS,
1683 2666 1781 2731 [et]
1821 2664 1952 2716 ima-

278 2735 508 2804 ginibus,
570 2737 739 2789 Locos
774 2738 1110 2807 appellamus
1149 2756 1255 2805 eOS,
1295 2739 1388 2806 qui
1418 2739 1670 2805 breviter,
1701 2737 1950 2807 perfecte,

275 2809 533 2878 insignite
581 2813 675 2861 aut
714 2815 907 2863 natura
947 2814 1040 2869 aut
1080 2829 1244 2863 manu
1284 2815 1410 2863 sunt
1458 2812 1714 2878 absoluti,
1760 2813 1820 2862 ut
1860 2828 1950 2863 eos

274 2881 431 2934 facile
486 2884 722 2935 naturali
777 2885 1034 2937 memoria
1093 2884 1540 2953 comprehendere
1592 2888 1645 2937 et
1701 2884 1954 2953 amplecti

1975 2385 2017 2418 30

1975 2727 2027 2783 35*
