2075 3235
587 121 769 166 LIBER,
798 123 876 168 IV.
940 122 1064 167 CAP.
1097 129 1286 169 37—38.
1349 130 1374 179 ξ
1407 131 1594 173 49—50.
1862 133 1931 185 99

255 241 464 294 Horum
490 241 770 294 amborum
797 259 1054 312 generum
1080 245 1324 312 exempla
1343 246 1688 316 sufficiemus,
1714 251 1926 318 prioris,

254 315 584 367 huiusmodi:
634 314 918 383 ‘Nimium,
959 314 1218 383 Quirites,
1270 319 1464 371 animis
1506 321 1634 373 estis
1676 323 1928 392 simplici—

254 389 353 440 bus
395 392 448 440 et
487 389 808 457 mansuetis3
854 389 1078 440 nimium
1127 391 1342 443 creditis
1395 394 1485 444 uni
1526 394 1729 462 cuique.
1805 396 1927 449 Exi-

254 462 488 514 stimatis
528 481 691 514 unum
732 480 995 531 quemque
1029 464 1175 528 eniti,
1216 470 1274 516 ut
1304 466 1563 534 perficiat,
1604 486 1739 536 quae
1771 470 1926 522 vobis

208 535 527 604 5pollicitus
576 536 662 588 sit.
743 535 955 587 Erratis
1003 539 1057 587 et
1103 536 1242 588 falsa
1292 557 1384 606 spe
1431 539 1632 592 frustra
1679 543 1787 593 iam
1837 543 1925 595 diu

252 609 563 660 detinemini
597 609 831 661 stultitia
863 612 1057 676 vestra,
1100 612 1204 677 qui,
1240 612 1379 679 quod
1413 617 1527 664 erat
1567 614 1621 666 in
1654 619 1924 683 potestate

249 686 451 749 vestra,
500 682 566 734 ab
617 683 736 734 aliis
778 685 955 750 petere
1004 700 1164 750 quam
1211 685 1315 753 ipsi
1357 703 1564 738 sumere
1621 689 1923 742 maluistis?

249 755 568 808 Posterioris
613 755 905 822 [licentiae]
947 756 1048 808 hoc
1087 757 1189 807 erit
1230 760 1554 827 exemplum:
1603 760 1757 813 ‘Mihi
1804 781 1924 815 cum

248 830 379 897 isto,
419 829 640 896 iudiceS,
678 828 782 881 fuit
823 829 1084 896 amicitia,
1133 830 1225 881 sed
1264 831 1370 883 ista
1409 851 1493 884 me
1536 834 1798 903 amicitia,
1844 839 1923 887 ta-

183 921 224 953 10
248 903 405 955 metsi
446 921 632 955 vereor
679 903 944 971 quomodo
994 905 1261 970 accepturi
1311 905 1453 972 sitis,
1505 909 1688 958 tamen
1736 908 1922 976 dicam,

247 994 341 1028 vos
389 976 657 1044 privastis.
736 975 872 1037 Quid
920 977 1033 1028 ita‘?
1084 979 1234 1045 quia,
1279 982 1341 1029 ut
1389 979 1542 1031 vobis
1594 998 1765 1032 essem
1805 1000 1922 1050 pro-

247 1051 421 1114 batus,
463 1068 598 1117 eum,
639 1049 730 1118 qui
762 1068 857 1102 vos
891 1051 1256 1120 oppugnabat,
1290 1052 1567 1104 inimicum
1601 1071 1762 1121 quam
1795 1056 1921 1107 ami-

246 1142 365 1176 cum
405 1124 604 1175 habere
645 1122 846 1175 malui?
928 1123 1096 1193 [Ergo
1137 1124 1268 1176 haec
1302 1128 1596 1193 exornatiO,
1638 1127 1720 1179 cui
1761 1128 1919 1180 licen-

245 1198 353 1249 tiae
386 1215 584 1249 nomen
616 1200 713 1264 est,
754 1197 911 1249 sicuti
945 1197 1446 1266 demonstravimiiS,
1480 1200 1679 1268 duplici
1712 1202 1921 1254 ratione

181 1288 220 1320 15
245 1271 590 1324 tractabitur:
633 1271 941 1338 acrimonia,
984 1289 1118 1338 quae
1160 1273 1204 1322 si
1244 1272 1471 1323 nimium
1510 1273 1675 1325 fuerit
1716 1292 1920 1342 aspera,

244 1344 585 1412 mitigabitur
624 1343 796 1410 laude,
837 1346 890 1395 et
931 1344 1359 1413 adsimulatione,
1402 1345 1463 1397 de
1505 1364 1611 1414 qua
1648 1349 1919 1413 posterius

244 1419 496 1485 diximUS,
564 1435 699 1485 quae
762 1435 871 1469 non
927 1417 1134 1486 indiget
1189 1418 1571 1487 mitigationiS,
1633 1424 1920 1489 propterea

243 1492 385 1561 quod
423 1492 669 1543 imitatur
708 1491 983 1544 licentiam
1018 1495 1070 1542 et
1103 1509 1199 1543 sua
1232 1496 1423 1560 sponte
1464 1496 1546 1544 est
1579 1493 1646 1544 ad
1679 1494 1918 1546 animum

243 1565 503 1618 auditoris
545 1564 994 1630 adcommodata]

1953 1146 2009 1187 50

175 1657 217 1688 20
389 1638 700 1690 Deminutio
751 1642 854 1703 est,
903 1656 1022 1690 cum
1071 1638 1274 1706 aliquid
1312 1639 1487 1691 inesse
1532 1640 1588 1691 in
1627 1640 1784 1692 nobis
1826 1644 1919 1693 aut
1935 1643 2004 1696 38

239 1713 297 1765 in
342 1713 430 1780 iis,
479 1730 612 1780 quos
661 1710 1015 1779 defendimUS,
1067 1716 1159 1764 aut
1198 1715 1393 1764 natura
1433 1716 1526 1765 aut
1564 1712 1785 1765 fortuna
1824 1719 1918 1767 aut

239 1786 506 1838 industria
545 1785 768 1837 dicimus
809 1785 1100 1855 egregium,
1141 1785 1296 1853 quod,
1334 1804 1401 1837 ne
1447 1804 1552 1854 qua
1585 1786 1917 1856 significetur

240 1860 508 1929 adrogans
565 1859 880 1924 ostentati0‚
936 1858 1260 1911 deminuitur
1317 1862 1370 1910 et
1429 1863 1742 1912 attenuatur
1801 1879 1916 1913 ora-

238 1934 399 2001 tione,
431 1933 533 1985 hoc
566 1932 742 1984 modo:
780 1931 939 1984 ‘Nam
964 1932 1066 1985 hoc
1099 1951 1196 2000 pro
1229 1951 1346 1984 meo
1372 1932 1501 2000 iure,
1532 1933 1748 2001 iudiceS,
1781 1933 1913 2003 dico,

173 2024 214 2056 25
241 2025 323 2059 me
369 2007 555 2059 labore
605 2009 660 2058 et
707 2006 972 2058 industria
1012 2024 1249 2072 curasse,
1295 2009 1356 2058 ut
1397 2005 1735 2074 disciplinam
1776 2007 1913 2059 mili-

239 2086 412 2133 tarem
466 2097 576 2132 non
626 2079 683 2131 in
728 2079 1016 2148 postremis
1064 2083 1335 2131 tenerem?
1423 2078 1526 2131 Hic
1575 2080 1620 2131 si
1669 2080 1787 2147 quis
1836 2081 1914 2132 di-

237 2155 424 2206 xisset:
480 2151 577 2205 ‘Ut
634 2154 836 2222 optime
893 2151 1165 2221 tenerem,'
1221 2153 1442 2205 tametsi
1497 2171 1620 2205 vere
1675 2153 1913 2222 dixisset,

238 2232 419 2280 tamen
461 2226 729 2296 adrogans
769 2227 916 2278 visus
951 2230 1105 2278 esset.
1170 2225 1324 2278 Nunc
1357 2230 1411 2278 et
1447 2226 1512 2277 ad
1544 2226 1802 2278 invidiam
1834 2227 1912 2279 vi-

238 2301 458 2353 tandam
499 2303 552 2352 et
592 2299 658 2351 ad
697 2300 908 2352 laudem
949 2300 1363 2367 comparandam
1406 2300 1536 2351 satis
1571 2299 1772 2351 dictum
1816 2302 1913 2353 est.

171 2391 212 2422 30
236 2375 395 2426 Item:
445 2372 662 2426 ‘Utrum
712 2373 879 2441 igitur
919 2373 1179 2426 avaritiae
1220 2391 1380 2425 causa
1420 2391 1487 2423 an
1529 2373 1789 2441 egestatis
1831 2390 1912 2425 ac-

238 2449 399 2501 cessit
431 2447 497 2498 ad
529 2446 887 2499 maleficium?
952 2446 1265 2498 Avaritiae?
1325 2446 1401 2496 At
1433 2445 1772 2514 largissimus
1805 2445 1911 2498 fuit

235 2522 293 2573 in
319 2520 567 2586 amicos[;
594 2520 735 2587 quod
753 2520 969 2588 signum
994 2519 1340 2571 liberalitatis
1361 2521 1457 2585 est,
1485 2536 1619 2585 quae
1638 2519 1911 2570 contraria

237 2597 320 2646 est
379 2594 679 2658 avaritiae}
755 2591 1070 2662 Egestatis‘?
1156 2592 1276 2657 [At]
1325 2591 1449 2643 huic
1497 2591 1707 2659 quidem
1755 2594 1910 2660 pater

240 2699 301 2705 —
344 2668 472 2720 nolo
510 2667 736 2718 nimium
777 2666 948 2718 dicere
993 2696 1054 2703 —
1091 2683 1200 2717 non
1238 2664 1614 2716 tenuissimum
1652 2665 1908 2733 patrimo-

169 2757 210 2790 35
235 2742 385 2794 nium
424 2738 674 2808 reliquit?
745 2738 849 2791 Hic
890 2757 1098 2808 quoque
1138 2738 1371 2790 vitatum
1411 2740 1508 2806 est,
1546 2755 1612 2788 ne
1653 2755 1909 2806 magnum

237 2818 330 2868 aut
376 2814 668 2867 maximum
718 2812 995 2865 diceretur.
1078 2809 1197 2864 Hoc
1253 2811 1421 2880 igitur
1466 2811 1522 2862 in
1567 2810 1768 2862 nostris
1819 2812 1910 2861 aut

237 2907 436 2956 eorum,
477 2904 609 2956 quos
644 2885 1000 2954 defendemUS‚
1043 2884 1273 2954 egregiis
1314 2882 1608 2937 commodis
1640 2882 1910 2952 proferen-

1587 2967 1644 3011 7*
