2075 3235
458 120 639 166 LIBER
669 121 746 166 IV.
809 121 937 166 CAP.
972 127 1160 168 30—32.
1216 127 1240 176 9
1272 127 1459 168 41-43.
1728 126 1799 178 93

123 242 272 310 [Hic]
306 242 539 294 atrocior
577 242 746 295 tacita
779 242 1022 312 suspitio,
1064 261 1224 311 quam
1258 242 1456 296 diserta
1492 245 1798 312 explanatio

118 316 252 370 facti
289 318 383 368 est.

268 387 550 442 Conclusio
592 392 695 457 est,
745 408 878 458 quae
919 390 1070 442 brevi
1112 390 1579 458 argumentatione
1619 408 1682 442 ex
1720 391 1803 459 iis,

124 481 258 533 quae
284 465 407 514 ante
441 462 585 514 dicta
618 466 742 514 sunt
768 466 861 515 aut
884 463 1043 530 facta,
1076 464 1306 530 conficit,
1339 463 1466 532 quid
1497 465 1800 517 necessario

77 551 99 584 5
123 539 492 605 consequatur,
516 535 618 588 hoc
644 536 827 588 modo:
855 535 1074 597 ‘Quodsi
1101 535 1308 588 Danais
1335 537 1521 589 datum
1547 540 1662 590 erat
1688 556 1803 590 ora-

122 611 301 662 culum
334 628 443 661 non
476 627 634 678 posse
668 610 787 678 capi
812 609 1027 662 Troiam
1064 610 1178 662 sine
1204 610 1539 662 Philoctetae
1571 611 1802 680 sagittis,

120 683 252 735 haec
275 683 410 735 nihil
442 683 584 735 aliud
612 686 791 736 autem
816 683 1069 750 fecerunt,
1093 684 1195 735 nisi
1228 683 1597 736 Alexandrum
1621 703 1804 753 percu-

119 757 312 820 lerunt,
343 757 484 809 hunc
517 758 876 826 exstinguere,
906 757 959 809 id
991 756 1246 808 nimirum
1274 758 1392 825 capi
1424 757 1527 809 fuit
1552 756 1802 810 Troiam.'

268 830 500 883 Restant
532 830 694 882 etiam
720 830 900 882 decem
926 831 1300 883 exornationes
1333 831 1637 898 verborum,
1669 850 1802 900 quas

55 904 316 957 10idcirco
349 922 458 956 non
489 921 624 973 vage
657 904 1021 973 dispersimus,
1061 904 1150 956 sed
1185 922 1216 956 a
1250 904 1615 972 superioribus
1650 923 1801 974 sepa-

120 979 386 1045 ravimuS,
448 978 588 1046 quod
637 995 820 1030 omnes
872 978 929 1030 in
983 996 1088 1030 uno
1147 995 1339 1046 genere
1397 981 1524 1029 sunt
1577 978 1801 1046 positae.

120 1050 264 1103 Nam
304 1069 486 1103 earum
528 1052 765 1104 omnium
804 1051 906 1103 hoc
943 1051 1220 1120 proprium
1263 1054 1359 1119 est,
1397 1055 1458 1103 ut
1499 1051 1565 1103 ab
1598 1051 1804 1104 usitata

122 1125 409 1177 verborum
441 1128 716 1194 potestate
749 1125 1026 1177 recedatur
1059 1129 1217 1193 atque
1250 1125 1307 1176 in
1339 1125 1502 1177 aliam
1535 1126 1802 1177 rationem

121 1216 242 1251 cum
283 1198 514 1268 quadam
554 1201 836 1251 venustate
877 1199 1051 1251 oratio
1093 1198 1412 1251 conferatur.
1489 1198 1569 1250 De
1611 1199 1802 1268 quibus

56 1285 97 1319 15
122 1272 562 1325 exornationibus
594 1272 895 1324 nominatio
922 1276 1003 1324 est
1026 1272 1216 1341 prima,
1250 1289 1384 1341 quae
1408 1290 1508 1324 nos
1536 1272 1802 1340 admonet,

120 1349 206 1414 ut,
252 1346 400 1399 cuius
439 1347 518 1397 rei
563 1363 760 1397 nomen
813 1349 907 1397 aut
955 1364 1063 1397 non
1111 1345 1183 1397 sit
1232 1349 1326 1397 aut
1374 1346 1504 1397 satis
1553 1345 1804 1398 idoneum

120 1437 230 1471 non
283 1419 376 1487 sit,
432 1438 551 1472 eam
602 1422 815 1471 nosmet
864 1419 1055 1471 idoneo
1108 1419 1273 1471 verbo
1320 1419 1656 1471 nominemus
1711 1424 1804 1472 aut

120 1493 442 1545 imitationis
485 1496 578 1546 aut
618 1493 1027 1562 significationis
1075 1510 1260 1545 causa:
1307 1492 1654 1561 imitationis,
1702 1493 1804 1546 hoc

121 1567 302 1634 mod0,
348 1570 410 1619 ut
455 1567 686 1619 maiores
736 1566 942 1633 [audire
992 1567 1066 1632 et]
1116 1566 1326 1636 mugire
1375 1569 1430 1617 et
1481 1567 1805 1619 murmurari

54 1643 178 1692 2oet
229 1640 446 1692 sibilare
496 1640 862 1709 appellarunt3
917 1640 1300 1709 significandae
1347 1640 1426 1691 rei
1473 1658 1655 1707 causa,
1705 1642 1801 1692 sic:

124 1713 440 1782 ‘Postquam
471 1714 573 1766 iste
604 1714 662 1765 in
692 1732 806 1766 rem
838 1714 1112 1783 publicam
1143 1713 1271 1765 fecit
1300 1713 1578 1782 impetum,
1616 1714 1804 1783 fragor

121 1787 361 1840 civitatis
403 1787 651 1856 inprimis
693 1790 775 1839 est
808 1787 1056 1839 auditus?
1120 1785 1239 1839 Hoc
1272 1803 1466 1855 genere
1498 1805 1618 1839 raro
1652 1790 1800 1838 uten-

121 1861 247 1913 dum
288 1864 394 1929 est,
439 1879 506 1912 ne
546 1860 673 1913 novi
712 1861 862 1912 verbi
903 1860 1199 1913 adsiduitas
1241 1860 1420 1912 odium
1459 1860 1662 1929 pariat3
1711 1861 1803 1912 sed

122 1934 169 1986 si
208 1934 484 1987 commode
525 1934 643 2003 quis
691 1933 934 2003 proferat
981 1952 1065 1998 ea,
1115 1935 1323 1999 [utatur
1362 1935 1437 1999 et]
1486 1952 1596 1986 non
1642 1934 1801 1986 modo

55 2023 97 2055 25
121 2025 230 2060 non
271 2008 503 2060 offendet
541 2008 798 2076 novitate,
839 2008 931 2060 sed
971 2008 1134 2060 etiam
1175 2007 1459 2059 exornabit
1492 2008 1802 2061 orationem.

120 2081 526 2134 Pronominatio
590 2084 702 2149 est,
770 2100 904 2150 quae
968 2081 1128 2133 sicuti
1190 2081 1508 2150 cognomine
1571 2082 1803 2150 quodam

122 2158 376 2207 extraneo
423 2156 757 2207 demonstrat
796 2154 874 2223 id,
930 2155 1073 2224 quod
1119 2172 1214 2207 suo
1257 2155 1475 2206 nomine
1528 2173 1639 2206 non
1684 2173 1803 2223 pro·

122 2228 241 2280 dest
296 2228 594 2297 appellare3
648 2231 709 2280 ut
763 2228 809 2280 si
864 2229 1004 2297 quiS,
1062 2247 1181 2280 cum
1231 2228 1484 2296 loquatur
1531 2228 1594 2280 de
1642 2226 1804 2280 Grac-

122 2301 258 2354 chis:
306 2300 402 2352 ‘At
446 2319 555 2354 non
601 2300 845 2354 Africani
890 2300 1148 2370 nepoteS,'
1196 2301 1429 2370 inquiat,
1477 2299 1803 2353 ‘istiusmodi

56 2391 98 2423 30
120 2373 370 2427 fuerunt?
461 2374 601 2427 Item
657 2375 702 2426 si
758 2375 899 2444 quiS,
960 2376 1023 2427 de
1085 2375 1390 2427 adversario
1453 2393 1572 2426 cum
1634 2375 1800 2427 dicat:

122 2447 335 2500 ‘Videte
390 2447 572 2514 nunc,'
626 2448 859 2517 inquiat,
919 2449 1158 2516 ‘iudiceS,
1217 2447 1665 2517 quemadmodum
1715 2466 1800 2501 me

119 2521 492 2591 Plagioxypus
538 2521 642 2573 iste
689 2522 970 2575 tractarit?
1046 2522 1165 2575 Hoc
1205 2525 1365 2590 pacto
1405 2539 1514 2573 non
1551 2522 1800 2574 inornate

119 2595 435 2664 poterimus,
475 2598 528 2646 et
565 2595 622 2646 in
661 2595 927 2648 laudando
969 2599 1022 2647 et
1060 2597 1117 2647 in
1155 2594 1412 2647 laedendo
1456 2594 1536 2660 [in
1575 2613 1797 2664 corpore

122 2672 214 2721 aut
252 2669 432 2721 animo
474 2671 568 2721 aut
616 2669 883 2720 extraneis
923 2670 1105 2735 rebus]
1149 2669 1344 2736 dicere,
1386 2668 1570 2734 [sicuti
1609 2687 1799 2738 cogno-

53 2757 96 2790 35
121 2760 264 2810 men,
313 2742 454 2810 quod
499 2759 598 2811 pro
646 2745 791 2794 certo
837 2744 1053 2795 nomine
1093 2742 1472 2807 conlocemus}
1547 2741 1798 2795 Denomi-

119 2815 269 2867 natio
309 2818 405 2884 est,
446 2834 580 2885 quae
615 2816 681 2867 ab
715 2815 872 2868 rebus
905 2815 1222 2885 propinquis
1257 2818 1310 2867 et
1342 2815 1586 2867 finitimis
1626 2815 1798 2867 trahit

121 2889 441 2957 orationem,
497 2908 602 2958 qua
656 2888 831 2957 possit
885 2890 1130 2958 intellegi
1185 2906 1296 2956 reS,
1351 2906 1485 2957 quae
1536 2906 1643 2941 non
1700 2906 1795 2940 suo

1821 803 1888 855 31

1834 879 1890 917 42

1817 2714 1887 2766 32

1830 2789 1885 2828 43
