2075 3235
202 106 257 146 83
531 98 710 142 LIBER
741 98 796 143 H.
854 97 981 142 CAP.
1016 103 1205 142 23—24.
1269 104 1292 152 ξ
1327 104 1512 143 69-74.
1764 100 1866 152 199

201 221 321 273 dere
374 218 714 288 perspicuum
770 220 865 270 est.
949 217 1013 269 In
1065 217 1204 269 hanc
1259 218 1749 285 argumentationes
1805 237 1867 270 ex

197 293 385 345 isdem
416 291 546 344 locis
600 291 885 343 sumendae
936 293 1060 342 sunt
1119 294 1279 358 atque
1338 290 1393 341 in
1447 308 1664 342 causam
1710 309 1868 360 nego-

198 366 405 432 tialem,
462 382 566 432 qua
618 364 679 415 de
735 367 858 415 ante
914 363 1114 415 dictum
1166 366 1261 415 est.
1338 362 1508 416 Locos
1560 382 1864 416 communes
1901 368 1952 407 71

199 436 382 492 autem
425 440 478 489 et
525 455 587 489 ex
635 455 795 489 causa
842 437 982 505 ipsa,
1030 437 1075 488 si
1116 436 1240 504 quid
1280 436 1440 488 inerit
1478 436 1866 506 indignationis

154 525 175 557 5
198 515 291 564 aut
321 510 736 579 conquestionis,
771 513 824 561 et
856 527 918 561 ex
949 510 1080 561 iuris
1113 510 1349 562 utilitate
1375 513 1427 561 et
1450 512 1645 562 natura
1669 511 1866 562 multos

198 588 251 636 et
283 602 473 654 graves
507 601 714 636 sumere
745 583 927 635 licebit
954 590 1002 636 et
1028 583 1312 651 oportebit,
1346 583 1390 634 si
1416 601 1605 635 causae
1632 583 1866 652 dignitas

196 657 464 709 videbitur
502 657 791 726 postulare.
860 654 1015 708 Nunc
1056 656 1453 724 adsumptivam
1492 659 1705 725 partem
1745 657 1867 708 iuri·
1887 657 1956 709 24

198 731 403 784 dicialis
445 730 853 782 consideremus,

343 803 702 872 Adsumptiva
740 802 906 872 igitur
944 805 1060 853 tum
1101 802 1307 865 dicitur,
1348 821 1466 854 cum
1507 803 1682 870 ipsum
1716 821 1778 855 ex
1811 822 1866 855 se

129 891 172 922 10
195 877 398 930 factum
436 877 654 946 probari
684 894 793 928 non
823 878 1016 943 potest,
1048 875 1227 943 aliquo
1256 879 1434 927 autem
1458 876 1590 928 foris
1619 876 1865 928 adiuncto

198 954 515 1021 argumento
541 949 855 1001 defenditur.
906 948 1036 1000 Eius
1061 951 1244 1016 partes
1272 952 1395 1001 sunt
1421 953 1695 1016 quattuor:
1730 968 1866 1001 com-

195 1024 429 1092 paratio,
475 1023 666 1075 relatio
708 1022 967 1088 criminis,
1013 1022 1238 1074 remotio
1280 1022 1539 1090 criminiS‚
1580 1024 1866 1076 concessio.

198 1096 544 1166 Comparatio
585 1099 681 1164 est,
721 1114 841 1148 cum
882 1095 1083 1163 aliquid
1122 1095 1338 1163 factum,
1379 1095 1520 1164 quod
1551 1095 1729 1164 ipsum
1761 1114 1869 1148 non
1903 1099 1955 1138 72

197 1171 268 1223 sit
306 1170 663 1237 probandum,
704 1187 766 1221 ex
808 1187 891 1237 e0‚
930 1169 1077 1221 cuius
1117 1169 1171 1220 id
1211 1187 1371 1221 causa
1409 1169 1612 1221 factum
1651 1173 1745 1237 est,
1787 1169 1868 1221 de-

131 1257 173 1289 15
195 1244 446 1297 fenditur.
522 1243 604 1295 Ea
644 1246 725 1295 est
764 1242 1093 1294 huiusmodi:
1136 1242 1363 1303 Quidam
1402 1242 1709 1311 imperator,
1749 1261 1869 1295 cum

197 1319 265 1370 ab
305 1317 552 1369 hostibus
594 1317 1067 1368 circumsederetur
1097 1334 1268 1383 neque
1303 1317 1532 1384 effugere
1565 1316 1676 1368 ullo
1710 1316 1867 1368 modo

194 1395 393 1460 posset,
434 1390 683 1458 depectus
725 1393 806 1440 est
844 1407 964 1441 cum
1003 1389 1086 1456 iis,
1125 1393 1186 1440 ut
1219 1407 1370 1440 arma
1402 1392 1454 1440 et
1486 1389 1869 1457 impedimenta

194 1464 541 1532 relinqueret,
588 1463 789 1515 milites
843 1462 1108 1529 educeret3
1164 1463 1345 1530 itaque
1395 1462 1544 1530 fecit3
1601 1463 1762 1514 armis
1816 1467 1911 1514 et.

194 1536 594 1606 impedimentis
628 1536 842 1588 amissis
875 1539 1089 1604 praeter
1114 1554 1264 1605 spem
1289 1536 1488 1588 milites
1515 1537 1868 1589 conservavit.

127 1624 171 1655 20
195 1610 493 1663 Accusatur
532 1609 848 1662 maiestatis,
900 1608 1133 1662 Incurrit
1170 1609 1272 1661 huc
1313 1609 1567 1662 definitio.
1630 1609 1731 1662 Sed
1769 1628 1867 1662 nos

193 1684 334 1736 hunc
372 1684 571 1750 10011111,
619 1683 681 1734 de
722 1701 825 1750 quo
867 1683 1098 1751 agimus⁷
1147 1683 1554 1736 consideremus.
1630 1683 1866 1735 Intentio
1902 1687 1954 1726 73

195 1760 299 1809 est:
346 1756 491 1809 <Non
538 1756 778 1825 oportuit
825 1775 976 1808 arma-
1021 1759 1074 1808 et
1113 1756 1494 1825 impedimenta
1533 1756 1866 1825 relinquere.³

192 1830 452 1900 Depulsio
492 1833 595 1882 est:
636 1829 941 1898 ‘Oportuitf
1012 1828 1263 1891 Quaestio
1305 1834 1411 1882 est:
1452 1829 1867 1898 Oportueritne‘?

193 1904 355 1956 Ratio
397 1907 498 1956 est:
540 1902 758 1955 ‘Milites
801 1903 942 1955 enim
982 1921 1165 1955 omnes
1206 1903 1506 1972 perissent.⁹
1569 1904 1866 1955 Infirmatio

128 1990 169 2022 25
195 1981 278 2030 est
325 1980 417 2030 aut
466 1977 909 2044 [coniecturalis]:
965 1975 1115 2028 ‘Non
1161 1976 1475 2045 perissent3'
1529 1981 1621 2029 aut
1673 1978 1868 2042 [altera

194 2051 616 2117 coniecturalis]:
657 2049 798 2103 ‘Non
831 2051 948 2102 ideo
981 2050 1188 2102 fecisti.³
1249 2051 1351 2115 [Ex
1384 2050 1577 2119 quibus
1611 2050 1864 2103 iudicatio

195 2128 299 2176 est:
346 2124 720 2177 Perissentne‘?
768 2127 844 2176 et:
893 2122 1089 2176 Ideone
1135 2123 1382 2189 fecerit‘?]
1426 2127 1519 2175 aut
1558 2124 1689 2176 haec
1729 2142 1868 2176 com-

192 2197 460 2266 parativa,
500 2198 646 2250 cuius
685 2217 825 2251 nunc
864 2197 1188 2267 indigemus:
1239 2197 1332 2248 eAt
1372 2198 1513 2248 enim
1555 2197 1723 2249 satius
1762 2196 1866 2249 fuit

162 2297 167 2301 ·
194 2271 441 2323 amittere
474 2272 686 2339 milites,
720 2290 881 2340 quam
913 2289 1064 2323 arma
1097 2274 1149 2322 et
1174 2271 1557 2339 impedimenta
1583 2270 1865 2323 concedere

126 2357 167 2390 30
192 2343 474 2396 hostibus?
551 2344 633 2396 Ex
688 2363 792 2413 qua
845 2345 1099 2396 iudicatio
1161 2344 1422 2396 nascitur:
1492 2342 1627 2396 Cum
1682 2362 1864 2396 omnes

192 2418 417 2485 perituri
456 2418 655 2470 milites
697 2421 890 2485 essent,
926 2419 1032 2470 nisi
1072 2417 1139 2469 ad
1176 2418 1312 2470 hanc
1351 2417 1656 2486 pactionem
1695 2418 1865 2469 venis-

194 2495 326 2557 sent,
364 2495 545 2543 utrum
586 2492 751 2544 satius
791 2492 954 2544 fuerit
993 2491 1239 2543 amittere
1272 2491 1488 2558 milites,
1529 2509 1596 2542 an
1629 2490 1696 2542 ad
1726 2490 1864 2543 hanc

193 2565 553 2617 conditionem
590 2565 807 2617 venire?
869 2565 987 2617 Hoc
1027 2583 1216 2617 causae
1258 2582 1424 2634 genus
1467 2582 1529 2616 ex
1577 2564 1685 2616 suis
1730 2565 1860 2616 locis
1896 2567 1951 2606 74

191 2641 425 2690 tractare
465 2639 734 2706 oportebit
772 2642 826 2690 et
865 2639 1117 2690 adhibere
1158 2641 1455 2690 ceterarum
1496 2656 1704 2706 quoque
1744 2656 1863 2690 con-

124 2725 167 2757 35
192 2712 535 2763 stitutionum
567 2711 829 2763 rationem
861 2715 1021 2780 atque
1053 2715 1362 2780 praecepta3
1403 2730 1462 2764 ac
1489 2712 1718 2763 maxime
1744 2730 1862 2763 con-

189 2785 406 2837 iecturis
444 2784 702 2837 faciendis
741 2785 1011 2837 infirmare
1051 2786 1205 2853 illud,
1256 2784 1397 2853 quod
1437 2803 1556 2837 cum
1597 2803 1680 2852 e0‚
1722 2784 1862 2852 quod

190 2858 398 2910 crimini
430 2858 657 2920 dabitur,
696 2858 749 2920 ii,
782 2859 873 2926 qui
905 2858 1310 2926 accusabuntur,
1343 2858 1743 2927 comparabunt.
1800 2857 1861 2909 Id
