2075 3235
242 154 265 199 1
279 149 342 201 18
828 150 906 193 DE
940 146 1324 192 INVENTIONE
1889 155 1914 192 2

236 269 390 321 blicis
438 269 737 321 rationibus
793 267 1113 319 utilissimus
1171 269 1331 335 atque
1381 267 1738 321 amicissimus
1785 267 1915 320 civis

237 342 353 395 fore
393 342 619 394 videtur.

179 435 204 473 2
386 415 465 468 Ac
515 416 559 467 si
606 415 852 466 volumus
893 414 1051 465 huius
1092 413 1193 482 rei,
1234 432 1368 481 quae
1408 417 1630 467 vocatur
1670 414 1917 483 eloquen-

238 490 329 556 tia,
376 490 487 540 sive
529 488 658 540 aitis
701 488 811 539 sive
852 487 1015 538 studii
1055 487 1165 538 sive
1207 487 1602 540 exercitationis
1642 487 1918 540 cuiusdam

240 563 350 614 sive
397 561 672 614 facultatis
724 561 790 612 ab
838 564 1034 612 natura
1080 559 1358 632 profectae
1402 560 1738 613 considerare
1777 561 1918 630 prin-
1965 575 1985 607 5

240 636 459 704 cipium,
506 634 833 703 reperiemus
880 634 936 685 id
982 652 1044 685 ex
1083 633 1480 686 honestissimis
1521 634 1696 691 causis
1734 642 1920 686 natum

181 711 214 763 2
244 715 401 777 atque
460 708 525 759 ab
583 708 800 776 optimis
856 707 1157 760 rationibus
1212 707 1529 789 profectum.
1620 707 1763 760 Nam
1816 707 1921 759 fuit

242 781 508 850 quoddam
554 784 789 851 tempuS,
837 799 956 833 cum
1002 781 1059 832 in
1107 781 1253 850 agris
1300 780 1545 833 homines
1593 781 1796 850 passim
1833 782 1921 833 be-

242 856 467 907 stiaium
523 855 681 907 modo
736 855 1080 924 vagabantur
1135 858 1187 905 et
1245 854 1349 906 sibi
1396 854 1542 907 victu
1587 855 1702 908 fero
1750 855 1920 907 vitam

240 929 641 998 propagabant,
691 946 787 980 nec
809 901 1042 980 Oratione
1092 928 1256 979 animi
1306 927 1612 997 quicquam,
1668 929 1759 980 sed
1812 928 1921 997 ple·
1948 943 1988 974 10

241 1021 405 1070 raque
445 1002 648 1054 viribus
697 1002 936 1071 corporis
985 1001 1458 1070 administrabant,
1505 1001 1742 1054 nondum
1790 1001 1922 1054 divi-

241 1095 341 1128 nae
367 1075 660 1144 religioniS,
691 1094 799 1127 non
823 1075 1047 1127 humani
1071 1075 1235 1127 officii
1266 1075 1406 1127 ratio
1442 1075 1733 1144 colebatur,
1763 1093 1920 1128 nemo

242 1150 457 1218 nuptias
498 1149 707 1201 viderat
747 1149 1043 1218 legitimas3
1089 1167 1198 1200 11011
1237 1151 1409 1201 certos
1451 1149 1736 1217 quisquam
1776 1166 1923 1218 aspe-

242 1227 394 1275 xerat
419 1223 642 1289 liberos3
671 1241 794 1289 non,
826 1223 909 1274 ius
943 1223 1223 1291 aequabile
1250 1222 1377 1290 quid
1401 1222 1654 1275 utilitatis
1685 1222 1923 1290 haberet,

246 1300 535 1365 acceperat.
626 1295 713 1348 Ita
777 1299 1001 1365 propter
1064 1315 1298 1347 errorem
1362 1299 1522 1365 atque
1584 1295 1923 1348 inscientiam
1951 1309 1990 1341 15

246 1389 401 1423 caeca
449 1389 510 1422 ac
555 1369 845 1421 temeraria
885 1369 1210 1421 dominatrix
1252 1369 1416 1421 animi
1456 1369 1721 1438 cupiditas
1762 1369 1828 1421 ad
1869 1387 1924 1421 se

246 1443 563 1512 explendam
608 1443 813 1494 viribus
863 1443 1099 1512 corporis
1150 1443 1494 1511 abutebatur,
1541 1442 1925 1512 perniciosissi-

245 1518 346 1569 mis
389 1516 731 1569 satellitibus.
802 1514 916 1577 Quo
957 1520 1200 1585 tempore
1247 1516 1463 1585 quidam
1507 1534 1736 1586 magnus
1784 1515 1924 1568 vide-

245 1592 372 1643 licet
411 1590 492 1641 vir
533 1592 586 1641 et
620 1589 832 1658 sapiens
874 1590 1147 1658 cognovit,
1189 1608 1322 1658 quae
1363 1590 1591 1641 materia
1631 1592 1684 1641 et
1725 1592 1926 1657 quanta

246 1665 312 1716 ad
359 1663 620 1715 maximas
676 1681 760 1714 res
813 1663 1192 1731 opportunitas
1239 1663 1296 1714 in
1344 1662 1536 1715 animis
1583 1664 1785 1715 inesset
1829 1662 1925 1714 ho·
1950 1676 1993 1713 20

245 1738 472 1804 minum,
528 1737 574 1788 si
632 1736 748 1804 quis
805 1754 922 1788 eam
976 1739 1160 1806 posset
1208 1737 1397 1788 elicere
1446 1740 1499 1788 et
1552 1736 1925 1805 praecipiendo

246 1812 525 1863 meliorem
565 1810 806 1879 reddere3
854 1810 944 1878 qui
984 1810 1252 1879 dispersos
1292 1810 1537 1862 homines
1577 1810 1634 1861 in
1672 1827 1830 1879 agros
1873 1812 1926 1861 et

245 1886 301 1936 in
333 1884 491 1937 tectis
525 1884 864 1936 silvestribus
900 1883 1112 1936 abditos
1147 1883 1354 1936 ratione
1396 1883 1627 1952 quadam
1667 1882 1928 1952 compulit

246 1977 412 2010 unum
451 1958 507 2009 in
545 1958 724 2010 locum
764 1960 818 2009 et
858 1957 1208 2027 congregavit
1241 1960 1294 2008 et
1328 1974 1416 2009 eos
1448 1957 1506 2008 in
1536 1975 1699 2020 unam
1740 1975 1927 2025 quam-

248 2049 349 2099 que
373 2049 485 2082 rem
511 2031 764 2083 inducens
789 2031 978 2082 utilem
1005 2035 1164 2098 atque
1181 2031 1482 2097 honestam,
1505 2030 1680 2099 primo
1705 2034 1927 2100 propter
1951 2041 1993 2073 25

246 2104 594 2156 insolentiam
633 2105 1015 2172 reclamantes,
1063 2103 1248 2155 deinde
1287 2107 1509 2172 propter
1547 2103 1812 2156 rationem
1853 2106 1928 2155 at-

250 2196 350 2246 que
392 2178 690 2230 orationem
731 2178 1022 2230 studiosius
1064 2177 1340 2229 audientes
1382 2195 1445 2229 ex
1483 2176 1611 2229 feris
1652 2179 1706 2228 et
1742 2176 1928 2228 imma-

190 2268 216 2306 3
249 2252 407 2303 nibus
455 2251 612 2303 mites
660 2250 890 2302 reddidit
930 2255 982 2302 et
1023 2253 1345 2302 mansuetos.
1422 2250 1503 2303 Ac
1542 2250 1675 2302 mihi
1716 2249 1928 2318 quidem

247 2325 456 2377 videtur
487 2325 589 2377 hoc
620 2342 716 2376 nec
747 2325 914 2376 tacita
943 2342 1040 2376 nec
1074 2324 1230 2393 inops
1272 2324 1477 2376 dicendi
1518 2323 1783 2393 sapientia
1812 2341 1928 2392 per-

247 2400 402 2451 ficere
434 2398 690 2467 potuisse,
729 2401 789 2449 ut
820 2398 1064 2449 homines
1106 2416 1136 2449 a
1168 2397 1550 2450 consuetudine
1590 2396 1768 2449 subito
1809 2414 1927 2449 con·
1952 2407 1993 2440 30

249 2475 479 2524 verteret
520 2475 572 2524 et
613 2472 679 2523 ad
716 2471 952 2523 diversas
986 2471 1221 2523 rationes
1255 2471 1397 2523 vitae
1429 2470 1747 2523 traduceret.
1809 2469 1929 2539 Age

248 2564 390 2611 vero,
430 2545 654 2596 urbibus
695 2545 1021 2611 constitutiS,
1060 2548 1121 2596 ut
1159 2544 1319 2596 fidem
1358 2544 1530 2597 colere
1571 2546 1625 2595 et
1663 2543 1929 2595 iustitiam

249 2619 478 2670 retinere
527 2619 791 2671 discerent
838 2622 891 2670 et
939 2618 1059 2670 aliis
1107 2636 1293 2686 parere
1342 2635 1438 2669 sua
1476 2617 1759 2669 voluntate
1802 2634 1929 2669 con-

251 2695 555 2743 suescerent
611 2710 670 2744 ac
722 2711 833 2745 non
893 2692 1051 2744 modo
1114 2692 1326 2744 labores
1395 2690 1730 2759 excipiendos
1786 2707 1925 2742 00111-

250 2764 424 2816 munis
478 2765 745 2818 commodi
791 2784 973 2832 causa,
1022 2765 1113 2817 sed
1162 2765 1323 2817 etiam
1362 2764 1532 2816 vitam
1581 2763 1928 2816 amittendam
1953 2775 1995 2808 35

251 2837 646 2890 existimarent:
688 2839 779 2907 qui
811 2839 1028 2891 tandem
1057 2838 1176 2890 fieri
1206 2838 1399 2905 potuit,
1439 2837 1545 2888 nisi
1575 2836 1820 2889 homines
1852 2853 1930 2902 ea,

249 2929 383 2979 quae
439 2913 645 2964 ratione
692 2913 1046 2980 invenissent,
1102 2911 1407 2980 eloquentia
1465 2909 1785 2979 persuadere
1840 2927 1931 2978 po—
