2080 3204
525 109 762 154 LIBERI.
826 110 952 154 CAP.
995 116 1123 155 7-9.
1185 117 1209 164 ἓ
1245 117 1431 158 11-14.
1798 116 1826 166 7

148 231 209 282 de
249 230 441 298 quibus
480 229 735 281 iudicium
774 229 1016 282 futurum
1057 233 1153 282 est.
1228 230 1478 282 Alterum
1529 249 1696 300 genus
1748 237 1829 286 est

145 302 495 369 narrationis,
552 303 694 370 quod
746 303 1056 355 intercurrit
1107 321 1509 371 nonnumquam
1565 305 1688 355 fidei
1737 310 1829 357 aut

145 375 530 427 criminationis
573 379 666 426 aut
703 376 1040 428 transitionis
1075 379 1167 428 aut
1201 377 1423 428 alicuius
1459 378 1826 445 apparationis

145 466 320 500 causa.
382 447 624 499 Tertium
665 465 835 516 genus
876 452 958 500 est
997 449 1072 516 id,
1114 449 1256 517 quod
1297 468 1328 501 a
1367 468 1527 501 causa
1568 450 1713 502 civili
1752 470 1828 502 re-

101 535 121 567 5
146 523 352 572 motum
393 523 496 588 est,
536 521 592 571 in
625 539 728 588 quo
762 525 942 572 tamen
976 523 1207 574 exerceri
1240 523 1509 589 convenit,
1552 541 1654 590 quo
1689 542 1827 575 com-

144 593 352 645 modius
393 593 518 645 illas
561 594 860 662 superiores
901 595 1240 646 narrationes
1289 596 1344 646 in
1384 596 1557 647 causis
1597 599 1828 648 tractare

141 666 428 735 possimus,
512 665 644 717 Eius
699 667 1000 718 narationis
1058 669 1160 719 duo
1219 686 1414 737 genera
1463 672 1607 736 sunt,
1662 688 1827 721 unum

142 738 283 806 quod
322 739 379 790 in
418 739 675 808 negotiis,
726 740 952 790 alterum
1003 741 1144 807 quod
1194 741 1251 791 in
1296 742 1543 809 personis
1591 743 1828 810 positum

143 815 238 864 est.
298 811 382 878 Id,
423 812 563 879 quod
604 812 660 862 in
698 812 1042 880 negotiorum
1084 813 1417 881 expositione
1449 815 1688 883 positum
1728 819 1824 882 est,

77 900 118 931 10
142 888 250 936 tres
297 884 464 936 habet
512 888 717 953 partes:
763 885 1030 952 fabulam,
1079 885 1388 954 historiam,
1438 892 1829 956 argumentum.

140 958 348 1009 Fabula
387 961 493 1025 est,
536 976 670 1026 quae
710 976 881 1025 neque
921 976 1073 1010 veras
1114 977 1285 1026 neque
1326 961 1439 1011 veri
1473 961 1675 1012 similes
1710 980 1828 1013 con-

140 1031 278 1082 tinet
316 1049 424 1099 reS,
483 1034 544 1082 ut
585 1049 676 1082 eae
717 1036 862 1098 sunt,
904 1049 1038 1098 quae
1079 1033 1373 1100 tragoediis
1415 1034 1646 1085 traditae
1689 1038 1826 1085 sunt.

139 1103 387 1156 Historia
428 1107 510 1156 est
545 1107 698 1173 gesta
729 1122 831 1172 reS,
865 1105 954 1155 sed
990 1105 1054 1155 ab
1092 1106 1284 1156 aetatis
1317 1109 1534 1157 nostrae
1568 1107 1828 1159 memoria

138 1180 361 1228 remota.
438 1176 838 1246 Argumentum
879 1180 960 1228 est
998 1177 1125 1229 ficta
1163 1196 1270 1245 reS,
1320 1197 1453 1246 quae
1493 1186 1675 1231 tamen
1713 1180 1829 1231 fieri

78 1263 119 1295 15
143 1250 344 1318 potuit,
400 1250 549 1302 velut
604 1253 924 1318 argumenta
976 1251 1386 1303 comoediarum.
1463 1251 1604 1303 Illud
1661 1271 1828 1322 genus

144 1324 485 1390 narrationis,
521 1323 662 1391 quod
693 1324 749 1374 in
780 1323 1022 1391 personis
1054 1324 1295 1392 positum
1329 1328 1424 1391 est,
1451 1325 1606 1376 debet
1630 1326 1827 1377 habere

141 1398 404 1449 sermonis
436 1397 805 1463 festivitatem,
840 1396 1139 1448 animorum
1173 1397 1677 1466 dissimilitudinem,
1711 1417 1827 1468 gra—

138 1470 388 1537 vitatem,
428 1470 727 1536 levitatem,
776 1487 947 1538 spem,
996 1474 1220 1537 metum,
1272 1471 1646 1539 suspitionem,
1697 1472 1829 1523 desi-

139 1543 358 1611 derium,
399 1543 898 1610 dissimulationem,
938 1544 1376 1611 misericordiam,
1422 1546 1620 1609 [rerum
1660 1545 1828 1597 varie-

72 1630 116 1661 20
139 1618 304 1682 tates]
366 1616 616 1668 fortunae
679 1616 1180 1684 commutationem,
1243 1617 1577 1686 insperatum
1630 1618 1827 1670 incom-

139 1689 378 1756 modum,
427 1690 663 1740 subitam
711 1689 998 1756 laetitiam,
1045 1689 1331 1741 iucundum
1384 1691 1584 1741 exitum
1634 1709 1825 1743 rerum.

138 1761 338 1814 Verum
363 1763 465 1814 hoc
489 1763 546 1813 in
571 1762 860 1814 exercendo
887 1762 1238 1831 transigetur3
1264 1763 1412 1830 illud,
1440 1764 1580 1831 quod
1607 1764 1670 1815 ad
1689 1765 1826 1815 veri-

138 1838 310 1887 tatem
348 1835 595 1903 pertinet,
630 1836 894 1903 quomodo
928 1836 1152 1887 tractari
1185 1836 1480 1904 conveniat,
1512 1837 1825 1905 aperiemus,

287 1908 420 1960 Tres
460 1926 545 1960 res
587 1908 837 1960 convenit
875 1908 1075 1960 habere
1107 1909 1498 1975 narrationem,
1538 1913 1599 1960 ut
1631 1910 1825 1977 brevis,

72 1995 114 2026 25
141 1986 200 2033 ut
255 1981 508 2048 dilucida,
564 1984 622 2032 ut
676 1981 788 2033 veri
837 1981 1027 2033 similis
1078 1983 1170 2049 sit3
1227 2001 1362 2050 quae
1411 1983 1663 2051 quoniam
1710 1984 1826 2035 fieri

141 2058 388 2123 oportere
429 2055 646 2121 scimuS,
689 2055 1137 2121 quemadmodum
1177 2055 1460 2122 faciamus,
1502 2074 1826 2125 cognoscen-

139 2128 266 2179 dum
319 2131 415 2179 est.
492 2127 626 2179 Rem
681 2128 914 2180 breviter
963 2146 1182 2180 narrare
1233 2129 1552 2197 poterimUS,
1606 2130 1651 2181 si
1703 2130 1824 2180 inde

138 2200 454 2269 incipiemus
496 2219 740 2268 narrare,
788 2201 928 2252 unde
979 2219 1193 2253 necesse
1247 2202 1368 2269 erit,
1421 2205 1474 2253 et
1525 2203 1570 2253 si
1608 2221 1717 2254 non
1756 2203 1823 2254 ab

138 2274 332 2325 ultimo
372 2274 529 2325 initio
570 2277 808 2342 repetere
849 2275 1114 2342 volemUS,
1164 2278 1216 2326 et
1257 2274 1301 2326 si
1342 2274 1675 2341 summatim,
1714 2293 1824 2326 non

73 2360 116 2393 30
139 2347 508 2415 particulatim
547 2347 902 2415 narrabimus,
944 2351 996 2399 et
1037 2349 1082 2398 si
1120 2366 1227 2399 non
1267 2347 1334 2399 ad
1372 2352 1691 2413 extremum,
1733 2348 1824 2399 sed

138 2438 305 2488 usque
348 2438 432 2486 eo,
474 2438 575 2487 quo
610 2438 743 2488 opus
777 2421 898 2487 erit,
938 2439 1343 2488 persequemur,
1385 2425 1437 2472 et
1472 2421 1518 2471 si
1549 2422 1822 2472 transitio-

137 2493 296 2544 nibus
328 2492 493 2544 nullis
527 2496 754 2560 utemur,
788 2497 840 2545 et
873 2495 918 2545 si
949 2512 1058 2545 non
1091 2494 1455 2544 deerrabimus
1484 2494 1550 2544 ab
1578 2512 1655 2556 eo,
1682 2494 1823 2561 quod

138 2566 468 2634 coeperimus
510 2584 794 2634 exponere,
837 2570 889 2618 et
930 2566 976 2617 si
1016 2567 1188 2618 exitus
1229 2585 1407 2617 rerum
1439 2566 1516 2617 ita
1547 2585 1822 2635 ponemus,

137 2642 198 2689 ut
239 2643 364 2690 ante
406 2656 614 2706 quoque
649 2657 782 2706 quae
815 2640 961 2691 facta
994 2640 1122 2705 sint,
1165 2639 1297 2690 scire
1330 2639 1562 2707 possint,
1599 2641 1823 2691 ‘tametsi

71 2725 115 2757 35
138 2729 237 2762 nos
270 2711 658 2763 reticuerimus:
700 2712 842 2780 quod
869 2731 1053 2782 genUS,
1079 2713 1125 2763 si
1150 2712 1323 2763 dicam
1348 2731 1433 2764 me
1460 2730 1522 2763 ex
1547 2713 1822 2781 provincia

137 2783 352 2851 redisse,
392 2785 691 2852 profectum
740 2804 950 2853 quoque
991 2785 1048 2836 in
1087 2785 1420 2853 provinciam
1458 2786 1821 2855 intellegatur.

138 2856 212 2908 Et
252 2857 467 2909 omnino
516 2875 625 2909 non
674 2859 830 2911 modo
872 2859 947 2925 id,
1005 2858 1146 2926 quod
1187 2859 1362 2927 obest,
1419 2859 1510 2910 sed
1551 2859 1712 2910 etiam
1753 2859 1823 2925 id,

1863 675 1914 712 13

1851 1883 1882 1933 9

1812 1959 1915 1997 ‚14
