2075 3235
124 137 179 177 23
535 131 715 175 LIBER
746 133 779 177 Ι.
843 131 971 177 ΟΑΡ.
1004 137 1077 176 23.
1145 136 1168 185 ἓ
1202 136 1388 176 32-33.
1701 132 1804 184 139

126 253 180 304 in
225 250 518 321 partitione
568 252 769 303 servari
824 251 1011 321 possit.
1094 250 1236 303 Nam
1285 252 1375 320 qui
1421 252 1499 303 ita
1546 254 1803 320 partitur:

125 325 438 377 ‘Ostendam
479 328 702 393 propter
742 325 1088 394 cupiditatem
1135 322 1208 395 [et
1248 325 1546 390 audaciam]
1590 328 1643 376 et
1683 343 1804 376 ava-

125 398 305 450 ritiam
353 398 780 450 adversariorum
830 398 1010 450 omnia
1056 398 1395 450 incommoda
1443 398 1509 450 ad
1559 415 1671 449 rem
1712 416 1803 466 pu-

125 471 320 523 blicam
375 470 725 539 pervenisse',
787 471 832 523 is
893 488 1016 536 non,
1054 471 1333 540 ‘intellexit
1387 471 1442 522 in
1497 470 1803 540 partitione,

81 557 101 588 5
127 543 368 613 exposito
410 561 617 612 genere,
656 547 865 612 partem
892 562 962 612 ⁶se
993 539 1205 613 generis
1240 544 1600 596 admiscuisse.
1662 543 1804 595 Nam

126 635 293 686 genus
335 620 416 668 est
457 618 696 669 omnium
736 618 988 669 nimirum
1029 617 1313 670 libidinum
1354 617 1642 686 cupiditas:
1691 617 1803 668 eius

125 693 304 742 autem
346 691 554 759 generis
597 691 710 742 sine
751 690 911 742 dubio
951 708 1078 759 pars
1120 693 1203 743 est
1243 691 1485 743 avaritia.

271 763 389 816 Hoc
414 764 582 833 igitur
609 763 888 815 vitandum
923 766 1020 830 est,
1052 782 1133 831 ne,
1167 765 1316 816 cuius
1350 782 1518 832 genus
1544 763 1804 832 posueriS,

127 837 237 902 cius
272 830 452 907 (sicuti
508 837 744 905 aliquam
799 837 1066 889 diversam
1124 833 1565 904 ac'dss'similem]
1595 839 1805 905 partem

62 927 105 962 ια
126 929 293 980 ponas
342 912 396 962 in
446 911 629 962 eadem
682 910 989 979 partitione.
1074 909 1277 971 Quodsi
1331 910 1472 979 quod
1526 909 1583 961 in
1638 927 1805 979 genus

124 985 307 1053 plures
347 984 584 1036 incident
622 986 820 1052 parteS‚
860 983 915 1035 id
948 1002 1067 1036 cum
1100 985 1156 1035 in
1194 984 1372 1052 prima
1412 1002 1604 1035 causae
1644 983 1807 1051 parti-

125 1058 274 1110 tione
314 1058 417 1109 erit
458 1057 772 1126 simpliciter
813 1057 1131 1126 expositum,
1174 1057 1528 1109 distribuetur
1566 1060 1807 1125 tempore

127 1149 188 1184 eo
237 1131 689 1199 commodissime,
737 1148 856 1183 cum
906 1131 972 1182 ad
1017 1131 1194 1199 ipsum
1222 1128 1460 1189 ‘reventum
1504 1129 1807 1198 eritssexpli-

126 1205 357 1256 candum>
398 1204 455 1256 in
501 1223 690 1256 causae
740 1204 969 1256 dictione
1022 1207 1154 1272 post,
1186 1204 1552 1273 partitionem.
1628 1202 1808 1270 Atque

60 1291 101 1324 15
126 1278 262 1329 illud
309 1296 519 1346 quoque
566 1277 800 1346 pertinet
847 1277 914 1330 ad
963 1278 1315 1346 paucitatem,
1369 1295 1439 1335 ne,
1492 1279 1585 1328 aut
1639 1277 1810 1344 plura,

127 1370 287 1419 quam
314 1351 447 1403 satis
473 1354 571 1418 est,
597 1351 1061 1402 demonstraturos
1086 1368 1184 1402 nos
1211 1351 1466 1418 dicamus,
1497 1350 1599 1402 hoc
1629 1349 1810 1401 modoz

126 1424 439 1477 ‘Ostendam
494 1424 854 1489 adversariOS,
911 1424 1052 1491 quod
1100 1442 1413 1493 arguamuS,
1470 1427 1523 1476 et
1567 1422 1817 1492 potuisse-

124 1497 299 1551 facere
347 1501 401 1550 et
447 1498 681 1550 voluisse
733 1500 787 1549 et
832 1496 1066 1565 fecisse3⁹
1122 1516 1249 1549 nam
1295 1496 1485 1549 fecisse
1538 1497 1669 1548 satis
1727 1498 1809 1547 est

127 1571 432 1624 ostendere:
481 1574 596 1638 aut,
643 1589 765 1623 cum
812 1570 869 1621 in
909 1589 1068 1622 causa
1107 1571 1334 1639 partitio
1376 1570 1528 1622 nulla
1569 1570 1660 1636 sit,
1709 1570 1806 1634 [et]

61 1659 103 1692 20
127 1664 245 1698 cum
295 1645 523 1714 simplex
572 1644 823 1712 quiddam
873 1648 1089 1713 agatur,
1137 1647 1321 1696 tamen
1367 1647 1584 1695 utamur
1633 1642 1808 1694 distri-

126 1719 370 1786 butione,
417 1718 472 1769 id
520 1718 662 1786 quod
708 1735 928 1786 perraro
979 1720 1161 1785 potest
1218 1717 1468 1769 accidere.
1552 1716 1633 1767 Ac
1685 1718 1809 1767 sunt

130 1792 238 1845 alia
293 1809 503 1860 quoque
557 1794 844 1860 praecepta
903 1791 1281 1859 partitionum,
1345 1807 1480 1858 quae
1548 1789 1615 1840 ad
1669 1789 1808 1840 hunc

127 1884 311 1918 usum.
347 1864 641 1917 oratorium
701 1882 811 1916 non
862 1866 1014 1916 tanto
1072 1882 1230 1933 opere
1284 1863 1616 1932 pertineant,
1675 1880 1809 1930 quae

129 1941 412 1991 versantur
451 1938 507 1989 in
538 1936 907 2006 philosophia,
949 1955 1011 1988 ex
1059 1937 1252 2005 quibus
1302 1937 1433 1989 haec
1471 1937 1591 2005 ipsa
1637 1939 1810 1987 trans-

63 2026 106 2059 25
129 2013 377 2080 tulimus,
429 2029 562 2079 quae
603 2009 884 2063 convenire
925 2010 1266 2078 videbantur,
1315 2028 1541 2075 quorum
1581 2008 1716 2060 nihil
1754 2008 1812 2060 in

131 2085 322 2138 ceteris
364 2085 570 2136 artibus
602 2084 1019 2136 inveniebamus
1081 2083 1261 2152 Atque
1292 2083 1375 2135 his
1417 2083 1480 2134 de
1519 2082 1810 2151 partitione

130 2158 432 2228 praeceptis
480 2158 538 2209 in
584 2157 730 2209 omni
776 2156 1008 2209 dictione
1055 2157 1360 2209 meminisse
1408 2155 1702 2225 oportebit,
1749 2158 1810 2206 ut

133 2235 186 2284 et
224 2232 400 2300 prima
439 2249 678 2299 quaeque
716 2248 857 2298 parS,
908 2233 969 2282 ut
1008 2231 1253 2298 exposita
1292 2234 1373 2282 est
1411 2230 1467 2280 in
1506 2229 1811 2296 partitione,

135 2305 211 2358 sic
243 2305 427 2357 ordine
459 2287 881 2373 transigat-undet
914 2303 1161 2355 omnibus
1193 2303 1474 2372 explicatis
1500 2304 1810 2371 peroratum

67 2392 109 2424 30
135 2378 206 2431 sit
247 2377 370 2443 [hoc
410 2366 726 2444 mod‘o'T'fft
762 2394 829 2428 ne
870 2376 997 2444 quid
1035 2377 1304 2444 posterius
1344 2379 1559 2443 praeter
1598 2374 1810 2427 conclu-

135 2451 340 2503 sionem
384 2450 660 2502 inferatur.
736 2448 979 2502 Partitur
1031 2451 1172 2519 apud
1219 2449 1529 2501 Terentium
1575 2447 1811 2499 breviter

136 2528 189 2576 et
221 2523 496 2576 commode
523 2541 681 2575 senex
712 2523 769 2574 in
793 2523 1010 2590 Andria,
1046 2541 1180 2591 quae
1205 2540 1527 2592 cognoscere
1554 2521 1811 2572 libertum

135 2597 287 2649 velit:
1600 2648 1607 2655 ,

172 2669 259 2722 Eo
299 2673 487 2738 pacto
528 2672 588 2721 et
629 2669 812 2739 gnati
851 2670 1050 2722 vitam
1092 2673 1151 2721 et
1194 2668 1533 2721 consilium
1575 2686 1774 2720 meum

68 2756 110 2790 35
174 2743 540 2812 Cognosces
568 2746 642 2794 ·et
681 2742 830 2810 quid
867 2742 1078 2795 facere
1118 2743 1182 2793 in
1220 2741 1335 2794 hac
1374 2759 1438 2793 re
1477 2744 1539 2792 te
1579 2741 1800 2793 velim,

135 2817 323 2886 Itaque
343 2815 790 2885 quemadmodum
806 2815 863 2866 in
886 2816 1176 2884 partitione
1194 2814 1490 2884 proposuit,
1515 2814 1593 2866 ita
1609 2817 1810 2880 narrat,

135 2890 370 2959 primum
408 2888 525 2941 nati
564 2889 752 2940 vitam:

1839 781 1892 820 33
