2075 3235
173 1212 228 1251 54

169 2015 223 2056 55

262 127 368 180 192
848 129 924 172 DE
957 128 1339 172 INVENTIONE
1883 136 1938 176 76

261 250 315 299 et
348 251 535 316 aperta
568 251 620 299 et
652 266 714 299 ex
748 247 1000 315 opinione
1025 247 1306 298 hominum
1331 247 1587 315 definitio,
1618 248 1720 301 1100
1752 249 1938 301 111οᾶοε

259 320 602 372 Maiestatem
649 321 886 372 minuere
927 323 1009 371 est
1048 320 1109 371 de
1149 320 1414 389 dignitate
1454 324 1547 372 aut
1587 321 1936 388 amplitudine

262 398 356 445 aut
395 397 662 462 potestate
702 393 885 461 populi
926 396 1018 444 aut
1051 411 1249 457 eorum,
1290 393 1483 461 quibus
1518 395 1750 463 populus
1789 397 1937 463 pote·
1960 416 1971 424 “

262 470 460 518 statem
501 467 666 532 dedit,
719 465 921 533 aliquid
961 466 1232 535 derogare.
1309 466 1427 518 Hoc
1467 466 1542 518 sic
1581 467 1815 519 breviter
1854 486 1936 519 ex-

260 540 497 608 positum
544 539 784 605 pluribus
824 538 1002 590 verbis
1052 543 1133 590 est
1181 542 1235 590 et
1281 539 1581 592 rationibus
1621 541 1937 592 confirman-
1984 556 2005 589 5

261 613 385 663 dum
427 612 585 663 etita
619 629 749 678 esse,
788 614 848 662 ut
890 611 1238 680 discripseris,
1279 612 1678 664 ostendendum.
1740 613 1939 666 Postea

261 686 328 736 ad
366 685 441 751 id,
488 684 630 752 quod
677 684 962 751 definieriS,
1016 685 1220 737 factum
1268 685 1404 752 eiuS,
1452 685 1542 754 qui
1587 687 1937 756 accusabitur,

261 758 550 826 adiungere
598 757 871 825 oportebit
923 761 975 809 et
1022 777 1086 810 ex
1137 776 1220 826 e0,
1277 758 1418 826 quod
1465 759 1760 811 ostenderis
1808 777 1938 828 esse,

259 831 410 882 verbi
457 848 617 882 causa
656 830 996 883 maiestatem
1037 832 1295 899 minuere,
1348 832 1534 884 docere
1576 832 1937 884 adversarium

259 903 599 955 maiestatem
646 904 901 956 minuisse
949 908 1002 956 et
1048 906 1187 957 hunc
1232 908 1409 957 totum
1449 905 1626 957 locum
1666 906 1936 958 communi
1960 923 2002 955 10

259 977 377 1028 loco
427 978 762 1045 confirmare,
809 996 905 1046 per
953 995 1111 1046 quem
1157 978 1326 1046 ipsius
1376 978 1508 1030 facti
1548 979 1804 1031 atrocitas
1844 983 1938 1031 aut

259 1050 553 1119 indignitas
595 1054 687 1102 aut
727 1052 943 1102 omnino
984 1052 1142 1120 culpa
1181 1070 1300 1103 cum
1331 1051 1701 1121 indignatione
1741 1070 1930 1122 augea·

259 1126 361 1175 tur.
438 1123 569 1175 Post
624 1124 725 1175 erit-
779 1124 1101 1176 infirmanda
1162 1124 1588 1177 adversariorum
1644 1125 1935 1195 discriptio,

260 1197 343 1248 Ea
383 1200 564 1248 autem
602 1197 980 1265 infirmabitur,
1021 1198 1066 1249 si
1105 1197 1245 1249 falsa
1284 1198 1753 1251 demonstrabitur.
1817 1198 1936 1252 Hoc

260 1288 324 1321 ex
371 1271 618 1338 opinione
665 1271 944 1322 hominum
998 1275 1257 1339 sumetur,
1313 1290 1434 1323 cum
1489 1272 1934 1340 quemadmodum
1961 1288 2001 1320 15

260 1347 313 1394 et
352 1344 542 1410 quibus
582 1344 638 1395 in
676 1344 835 1395 rebus
875 1344 1118 1396 homines
1158 1345 1215 1395 in
1247 1346 1629 1397 consuetudine
1670 1346 1936 1398 scribendi

260 1419 353 1467 aut
394 1416 784 1468 sermocinandi
817 1435 877 1469 00
911 1419 1075 1470 verbo
1111 1419 1191 1469 uti
1232 1419 1456 1485 soleant,
1496 1419 1934 1471 considerabitur.

257 1488 396 1540 Item
435 1490 817 1556 infirmabitur,
867 1491 911 1541 si
958 1491 1130 1559 turpis
1179 1495 1272 1542 aut
1317 1491 1525 1543 inutilis
1578 1510 1694 1544 esse
1735 1494 1933 1558 [osten-

260 1562 424 1628 ditur]
474 1563 585 1614 eius
635 1563 993 1631 discriptionis
1043 1565 1360 1632 approbatio
1410 1568 1485 1632 et,
1547 1583 1682 1633 quae
1736 1566 1933 1618 incom-

259 1635 417 1687 moda
464 1638 812 1687 consecutura
860 1636 989 1704 sint,
1046 1639 1130 1702 [eo
1179 1635 1448 1707 concesso]
1491 1638 1822 1707 ostendetur3
1878 1640 1932 1690 id
1957 1655 2000 1686 20

259 1712 439 1760 autem
479 1727 542 1760 ex
580 1709 881 1761 honestatis
923 1713 975 1761 et
1014 1727 1076 1761 ex
1107 1711 1362 1762 utilitatis
1398 1711 1644 1780 partibus
1679 1715 1933 1780 sumetur,

257 1781 320 1833 de
352 1782 545 1850 quibus
581 1782 638 1833 in
678 1782 1079 1835 deliberationis
1118 1784 1418 1852 praeceptis
1459 1803 1797 1853 exponemus,
1858 1784 1932 1837 Et

257 1856 303 1906 si
350 1874 471 1907 cum
519 1855 824 1907 definitione
875 1860 1063 1908 nostra
1101 1857 1529 1909 adversariorum
1570 1858 1932 1911 definitionem
1999 1903 2003 1907 .

256 1928 588 1980 conferemus
630 1933 683 1980 et
720 1932 963 1981 nostram
1003 1948 1205 1998 veram,
1243 1931 1549 1999 honestam,
1587 1932 1776 1984 utilem
1816 1949 1931 1984 esse

258 2001 766 2070 demonstrabimuS,
813 2003 1030 2055 illorum
1104 2007 1307 2056 contra.
1383 2003 1708 2065 Quaeremus
1749 2008 1929 2057 autem
1954 2020 1996 2053 25

255 2093 338 2126 res
374 2078 466 2126 aut
497 2077 698 2127 maiore
732 2079 823 2127 aut
855 2077 1059 2129 minore
1092 2081 1184 2128 aut
1215 2077 1334 2146 pari
1364 2078 1421 2129 in
1451 2079 1670 2146 negotio
1711 2079 1929 2147 simileS,

171 2147 235 2200 18
257 2166 318 2200 ex
368 2148 560 2216 quibus
610 2149 921 2201 adfirmetur
973 2153 1159 2202 nostra
1214 2151 1506 2219 discriptio.
1588 2151 1705 2204 Iam
1753 2151 1799 2204 si
1843 2170 1928 2204 res

253 2221 432 2288 plures
474 2225 629 2273 erunt
671 2222 1017 2274 definiendae:
1064 2227 1138 2291 ut,
1189 2224 1234 2275 si
1274 2228 1576 2292 quaeratur,
1623 2225 1710 2277 fur
1750 2225 1821 2278 sit
1860 2244 1929 2277 an

255 2295 563 2364 sacrilegUS,
615 2295 705 2363 qui
743 2314 873 2347 vasa
913 2314 976 2347 ex
1013 2297 1226 2364 privato
1267 2316 1418 2350 sacra
1457 2298 1787 2367 surripuerit,
1826 2298 1927 2350 erit

253 2367 510 2419 utendum
549 2368 794 2436 pluribus
835 2369 1258 2438 definitionibus3
1298 2371 1484 2423 deinde
1521 2371 1686 2423 simili
1717 2371 1924 2424 ratione
1949 2386 1991 2418 30

253 2458 413 2493 causa
453 2442 748 2494 tractanda.
808 2441 979 2494 Locus
1018 2447 1197 2495 autem
1237 2445 1532 2496 communis
1569 2445 1627 2496 in
1666 2445 1777 2497 eius
1817 2464 1926 2498 ma-

252 2513 450 2582 litiam,
499 2515 590 2583 qui
627 2534 736 2567 non
775 2515 932 2568 modo
973 2534 1173 2585 rerum,
1212 2535 1397 2570 verum
1438 2518 1602 2570 etiam
1639 2519 1924 2571 verborum

251 2590 578 2654 potestatem
611 2589 715 2640 sibi
747 2589 1007 2658 adrogare
1039 2594 1261 2642 conatus
1296 2594 1349 2642 et
1379 2591 1557 2658 faciat,
1598 2591 1739 2660 quod
1777 2591 1922 2659 velit,

253 2663 306 2710 et
330 2660 398 2727 id,
432 2661 573 2728 quod
594 2661 792 2730 fecerit,
827 2681 930 2731 quo
955 2663 1088 2714 velit
1114 2664 1328 2716 nomine
1361 2665 1611 2734 appellet.
1674 2662 1918 2735 [Deinde]

252 2732 543 2786 defensoris
597 2735 801 2803 primus
856 2736 1003 2788 locus
1061 2741 1141 2788 est
1190 2738 1318 2790 item
1364 2738 1597 2790 nominis
1643 2737 1819 2790 brevis
1868 2742 1922 2791 et
1944 2751 1986 2784 35

252 2810 437 2873 aperta
477 2810 529 2858 et
569 2825 631 2860 ex
672 2809 920 2877 opinione
953 2809 1230 2862 hominum
1272 2810 1562 2879 discriptiO,
1601 2811 1704 2863 hoc
1738 2810 1918 2864 modo:

249 2876 591 2932 Maiestatem
645 2882 881 2934 minuere
929 2886 1010 2934 est
1057 2883 1259 2951 aliquid
1307 2884 1369 2936 de
1415 2902 1471 2936 re
1517 2884 1752 2953 publica,
1798 2901 1918 2937 cum

1999 3130 2035 3235 Q..
