2075 3235
169 116 225 155 49
527 108 707 153 LIBER
735 109 768 155 I.
833 109 956 154 CAP.
990 113 1179 154 48—49.
1243 116 1267 164 ἓ
1301 116 1487 156 89-92.
1739 113 1845 165 165

168 247 277 281 11011
308 229 545 297 haberet,
576 229 728 282 vobis
762 247 833 296 se,
863 229 1079 295 iudiceS,
1114 247 1223 280 non
1254 230 1644 282 commisisset.⁹
1707 231 1844 283 Leve

170 305 274 369 est,
320 301 460 369 quod
501 306 593 354 aut
631 306 758 371 post
796 306 1008 370 tempus
1050 302 1266 368 dicitur,
1313 302 1415 355 hoc
1455 303 1636 355 modo:
1677 302 1752 355 ‘Si
1790 305 1841 356 in

169 377 403 427 mentem
435 375 686 443 venisset,
718 393 827 427 non
859 374 1259 427 commisisset:9
1297 380 1390 427 aut
1421 375 1699 444 perspicue
1731 379 1845 427 tur-

168 465 290 517 pem
329 464 443 498 rem
482 448 589 500 levi
627 452 810 518 tegere
850 448 965 500 vult
1005 448 1326 515 defensione,
1366 448 1468 500 hoc
1506 449 1682 500 modo:

125 535 146 567 5
243 518 392 572 Cum
432 523 493 572 te
534 521 922 589 expetebant
962 538 1197 587 omneS,
1236 521 1714 573 florentissimo

241 592 459 661 Regno
499 595 758 662 reliqui:
797 611 958 645 nunc
998 594 1321 646 desertum
1362 595 1436 646 ab
1478 595 1770 646 omnibus

242 664 490 719 Summo
530 667 773 736 periclo
816 667 955 718 sola
995 669 1063 718 ut
1101 667 1442 719 restituam
1482 686 1648 736 par0.

168 738 457 791 Remotum
512 744 617 806 est,
673 739 812 807 quod
866 740 1012 791 ultra
1068 758 1227 808 quam
1284 742 1415 792 satis
1472 745 1576 808 est,
1629 712 1934 827 petiturfffi

169 812 496 864 huiusmodi:
552 811 772 874 ‘Quodsi
824 830 934 864 non
988 811 1046 863 P.
1094 810 1270 881 Scipio
1319 811 1626 865 Corneliam
1679 814 1847 866 filiam

103 901 145 932 ιο
169 884 245 937 Ti.
288 884 530 938 Graccho
579 887 913 938 conlocasset
961 888 1121 953 atque
1171 904 1233 937 ex
1282 903 1343 937 ea
1392 886 1523 938 duos
1576 886 1847 939 Gracchos

168 962 520 1027 procreasset,
557 963 743 1012 tantae
776 959 1063 1011 seditiones
1094 963 1256 1010 natae
1294 976 1404 1011 non
1444 963 1643 1026 essent,
1686 978 1848 1027 quare

167 1032 269 1084 hoc
293 1033 690 1084 incommodum
709 1031 943 1101 Scipioni
963 1032 1336 1084 ascribendum
1353 1032 1597 1084 videtur.'
1653 1031 1849 1084 Huius-

168 1104 313 1156 modi
354 1110 437 1157 est
474 1106 570 1157 illa
611 1124 820 1174 quoque
862 1106 1198 1174 conquestio:

242 1177 500 1231 Utinam
539 1197 612 1230 ne
653 1181 716 1230 in
754 1197 1005 1231 nemore
1044 1177 1221 1231 Pelio
1264 1179 1594 1231 securibus

101 1266 145 1298 15
244 1249 443 1303 Caesa
490 1253 849 1304 accedisset
899 1253 1173 1322 abiegna
1212 1252 1287 1304 ad
1325 1256 1564 1304 terram
1602 1252 1848 1305 trabes!

169 1323 409 1394 Longius
442 1325 578 1376 enin]
615 1327 846 1394 repetita
880 1329 975 1392 est,
1016 1344 1175 1393 quam
1206 1343 1292 1376 res
1325 1326 1655 1394 postulabat.
1706 1325 1852 1378 Mala

170 1397 409 1450 definitio
451 1402 545 1466 est,
585 1417 705 1451 cum
746 1403 839 1451 aut
878 1399 1184 1451 communia
1224 1399 1482 1464 discribit,
1522 1399 1623 1451 hoc
1663 1399 1850 1450 modo:

170 1468 486 1523 ‘Seditiosus
527 1475 609 1524 est
648 1473 717 1540 is,
765 1472 857 1540 qui
899 1472 1073 1524 malus
1115 1476 1276 1540 atque
1315 1472 1523 1524 inutilis
1565 1471 1739 1524 civis?
1784 1502 1846 1510 —

167 1562 294 1596 nam
333 1544 435 1597 hoc
473 1563 583 1596 non
621 1546 796 1614 magis
837 1545 1104 1613 seditiosi,
1159 1564 1319 1613 quam
1360 1545 1649 1611 ambitiosi,
1691 1564 1851 1613 quam

103 1632 146 1664 20
170 1617 599 1685 calumniatoriS,
662 1637 823 1686 quam
886 1619 1110 1671 alicuius
1165 1619 1398 1670 hominis
1452 1619 1688 1688 improbi
1740 1619 1852 1670 vim

171 1690 426 1743 describit
473 1711 565 1758 —3
620 1696 712 1743 aut
763 1691 963 1744 falsum
1019 1692 1270 1760 quiddam
1318 1692 1468 1759 dicit,
1522 1693 1623 1744 hoc
1669 1696 1851 1760 pacto:

171 1761 468 1832 ‘Sapientia
508 1768 591 1817 est
628 1765 884 1833 pecuniae
926 1765 1256 1833 quaerendae
1295 1765 1712 1834 intellegentia3'
1759 1769 1852 1817 aut

171 1837 374 1905 aliquid
412 1856 521 1890 non
561 1856 724 1907 grave
763 1857 857 1891 nec
898 1857 1154 1908 magnum
1194 1839 1495 1905 continenS,
1544 1839 1641 1891 sic:
1693 1836 1853 1891 ‘Stul-

170 1911 295 1962 titia
327 1914 409 1962 est
439 1911 703 1964 immensa
735 1912 942 1982 gloriae
980 1911 1278 1980 cupiditas?
1341 1912 1444 1964 Est
1474 1913 1606 1964 haec
1639 1911 1852 1980 quidem

105 1997 147 2030 25
171 1984 430 2052 stultitia,
478 1984 571 2036 sed
618 2003 680 2037 ex
726 1990 880 2054 parte
922 1986 1175 2053 quadam,
1220 2004 1330 2037 non
1370 2005 1432 2038 ex
1471 1986 1616 2037 omni
1658 2003 1851 2055 genere

173 2057 406 2109 definita.
477 2056 897 2111 Controversum
930 2063 1026 2126 est,
1065 2059 1121 2110 in
1155 2077 1258 2126 (1110
1293 2059 1359 2110 ad
1393 2059 1612 2111 dubium
1640 2059 1852 2110 demon-

174 2130 454 2182 strandum
494 2131 655 2184 dubia
694 2150 854 2184 causa
894 2132 1149 2200 adfertur,
1187 2133 1290 2184 hoc
1330 2133 1512 2184 modo:

246 2203 379 2256 Eho
418 2208 507 2272 tn,
555 2205 636 2273 di,
684 2206 907 2273 quibus
949 2209 1045 2257 est
1084 2209 1378 2274 potestas
1420 2209 1629 2258 motus
1671 2223 1850 2274 supe-

878 2284 1012 2330 rum
1054 2283 1243 2347 atque
1283 2279 1585 2345 inferum,

106 2364 150 2396 30
246 2348 471 2403 Pacem
510 2351 678 2404 inter
719 2370 856 2405 sese
897 2352 1273 2421 conciliant,
1324 2352 1668 2405 conferunt
1708 2369 1851 2404 con·

879 2426 1173 2478 cordiam.

173 2495 522 2566 Perspicuum
569 2500 672 2565 est,
719 2498 782 2551 de
834 2517 937 2567 quo
976 2517 1086 2551 non
1125 2502 1207 2551 est
1247 2500 1634 2551 controversia:
1681 2501 1743 2550 ut
1790 2499 1851 2565 si,
1884 2516 1939 2555 92

174 2570 266 2638 qui
306 2570 551 2623 Orestem
592 2575 863 2640 accusent,
909 2573 1129 2641 planum
1168 2571 1371 2625 faciant
1411 2573 1478 2624 ab
1520 2590 1581 2625 οο
1623 2575 1852 2624 matrem

174 2661 289 2695 esse
329 2645 573 2696 occisam.
649 2643 775 2697 Non
813 2663 1123 2698 concessum
1164 2649 1261 2713 est,
1312 2664 1432 2698 cum
1470 2646 1539 2714 id,
1581 2646 1721 2715 quod
1763 2664 1851 2697 au-

106 2729 149 2763 35
174 2720 352 2785 getur,
390 2717 447 2768 in
487 2718 852 2770 controversia
891 2724 994 2786 est,
1032 2723 1093 2770 ut
1133 2720 1201 2785 si,
1241 2719 1332 2788 qui
1369 2719 1585 2772 Ulixem
1626 2723 1853 2780 accuset,

172 2791 228 2842 in
260 2790 361 2842 hoc
395 2791 626 2842 maxime
659 2795 1038 2844 commoretur:
1071 2791 1360 2860 Indignum
1394 2811 1509 2845 esse
1542 2793 1609 2845 ab
1635 2792 1851 2844 homine

172 2863 525 2933 ignavissimo
588 2864 763 2916 virum
828 2864 1186 2917 fortissimum
1253 2865 1527 2932 [Aiacem]
1589 2869 1851 2918 necatum.
