2075 3235
174 132 200 170 9
550 125 728 168 LIBER
759 125 793 169 I.
856 124 982 170 CAP.
1017 130 1175 169 9—10.
1238 129 1261 177 ξ
1297 131 1482 169 11-13.
1752 127 1857 179 125

177 249 285 314 aut,
318 245 364 298 si
388 245 541 298 taciti
566 245 1014 313 praeterierimuS,
1048 244 1160 296 sine
1187 263 1347 297 causa
1378 263 1488 297 non
1515 247 1683 298 secuti
1707 250 1857 314 pute-

176 339 318 387 mur,
351 322 457 386 aut,
491 319 536 370 si
563 319 762 371 diutius
788 319 844 370 in
875 319 978 371 hoc
1010 318 1426 385 constiterimuS,
1459 337 1662 371 moram
1697 323 1857 387 atque

175 392 620 462 impedimentum
667 392 887 461 reliquis
926 392 1227 460 praeceptis
1279 392 1530 444 intulisse
1570 392 1858 444 videamur.

178 465 234 518 Si
274 466 588 518 deliberatio
636 470 690 518 et
729 465 1118 517 demonstratio
1160 483 1358 533 genera
1397 469 1523 517 sunt
1563 484 1860 532 causarum,

133 554 286 592 5non
331 543 560 608 possunt
606 543 748 592 recte
798 542 980 608 partes
1023 539 1245 591 alicuius
1287 539 1497 607 generis
1538 557 1728 592 causae
1768 558 1860 608 pu-

177 613 297 665 tari.
374 614 579 665 Eadem
619 614 759 665 enim
797 630 882 664 res
925 612 1016 664 alii
1056 629 1221 681 genus
1264 631 1403 680 esse,
1453 612 1548 664 alii
1592 631 1718 681 pars
1766 631 1859 680 po-

176 689 303 754 test,
336 686 506 738 eidem
540 704 706 755 genus
741 704 855 738 esse
889 689 942 737 et
972 704 1098 754 pars
1130 704 1239 738 non
1266 689 1463 755 potest.
1525 686 1859 738 Deliberatio

179 764 360 812 autem
408 764 460 812 et
509 759 897 813 demonstratio
940 777 1139 828 genera
1180 763 1304 811 sunt
1345 778 1641 811 causarum.
1718 758 1860 811 Nam

179 837 273 886 aut
311 834 521 886 nullum
562 851 752 886 causae
793 850 961 902 genus
1003 836 1085 884 est
1126 836 1218 884 aut
1261 833 1510 885 iudiciale
1552 833 1726 884 solum
1768 836 1862 884 aut

113 922 154 953 10
180 911 234 960 et
272 907 519 960 iudiciale
553 911 606 959 et
638 906 1121 959 demonstrativum
1154 910 1208 957 et
1248 906 1675 959 deliberativum.
1729 905 1862 957 Nul—

179 982 290 1034 lum
324 981 494 1033 dicere
528 999 717 1034 causae
751 998 867 1033 esse
901 998 1086 1050 genUS‚
1127 999 1245 1032 cum
1280 998 1467 1032 causas
1506 998 1622 1032 esse
1661 980 1861 1031 multas

180 1054 323 1107 dicat
377 1058 430 1106 et
484 1055 543 1106 in
589 1073 678 1106 eas
733 1057 1021 1123 praecepta
1077 1054 1185 1120 det,
1249 1053 1486 1105 amentia
1540 1056 1643 1120 est3
1701 1071 1862 1104 unum

178 1128 426 1180 iudiciale
467 1131 647 1181 autem
681 1130 853 1180 solum
887 1146 1000 1180 esse
1036 1128 1127 1196 qui
1157 1130 1354 1196 potest,
1394 1146 1512 1179 cum
1547 1127 1862 1178 deliberatio

179 1205 233 1253 et
266 1202 653 1254 demonstratio
678 1220 848 1270 neque
873 1202 1023 1270 ipsae
1059 1202 1261 1252 similes
1294 1201 1435 1253 inter
1476 1218 1530 1252 se
1565 1200 1675 1252 sint
1709 1204 1761 1252 et
1795 1200 1862 1252 ab

114 1289 154 1321 15
178 1275 416 1328 iudiciali
449 1293 642 1344 genere
673 1276 966 1344 plurimum
1000 1275 1294 1326 dissideant
1335 1278 1389 1326 et
1429 1293 1584 1326 suum
1625 1291 1864 1342 quaeque

178 1349 340 1401 finem
386 1349 608 1417 habeat,
657 1367 760 1416 quo
805 1349 994 1400 referri
1032 1349 1259 1400 debeat?
1337 1347 1681 1415 Relinquitur
1722 1364 1864 1416 ergo,

180 1426 240 1474 ut
279 1423 460 1476 omnia
498 1423 606 1475 tria
647 1440 846 1492 genera
887 1422 996 1473 sint
1036 1440 1332 1474 causarum.
1414 1420 1772 1486 [Deliberatio
1814 1424 1868 1472 et

181 1496 570 1549 demonstratio
602 1514 712 1548 non
743 1499 971 1565 possunt
1002 1499 1145 1548 recte
1178 1498 1361 1562 partes
1396 1494 1620 1547 alicuius
1654 1494 1864 1563 generis

180 1588 372 1623 causae
403 1570 598 1639 putari.
660 1569 803 1621 Male
835 1570 1003 1639 igitur
1036 1588 1125 1622 eas
1160 1568 1427 1638 generalis
1461 1567 1866 1621 constitutionis

114 1658 155 1690 20
178 1647 363 1714 partes
404 1662 519 1695 esse
559 1643 731 1709 dixit]

329 1716 531 1779 Quodsi
579 1716 789 1786 generis
838 1735 1029 1769 causae
1077 1719 1256 1784 partes
1303 1735 1413 1768 non
1458 1718 1686 1783 possunt
1723 1700 1956 1767 recte10

179 1791 382 1861 putari,
430 1791 602 1842 multo
651 1790 826 1842 minus
867 1794 1009 1842 recte
1049 1790 1219 1859 partis
1261 1808 1451 1842 causae
1491 1793 1672 1856 partes
1712 1791 1866 1857 puta·
1903 1776 1955 1814 ¹3

180 1867 393 1917 buntur.
485 1864 618 1916 Pars
683 1868 862 1916 autem
925 1882 1115 1916 causae
1171 1867 1253 1915 est
1308 1862 1620 1915 constitutio
1678 1863 1867 1914 omnis,

180 1939 306 1992 Non
338 1938 476 1991 enim
512 1956 673 1990 causa
705 1937 772 1989 ad
812 1937 1271 2005 constitutionem,
1312 1937 1404 1989 sed
1443 1936 1759 1988 constitutio
1802 1935 1869 1987 ad

114 2028 159 2059 25
182 2031 400 2065 causam
460 2011 917 2064 adcommodatur.
1012 2012 1128 2079 [Et
1170 2010 1561 2063 demonstratio
1626 2012 1679 2061 et
1741 2008 1867 2062 deli-

180 2086 390 2138 beratio
430 2086 652 2155 generis
701 2103 891 2138 causae
938 2088 1119 2154 partes
1167 2103 1278 2137 non
1323 2086 1552 2153 possunt
1591 2086 1734 2136 recte
1772 2102 1868 2152 pu-

181 2159 303 2227 tari,
343 2160 485 2228 quod
519 2159 640 2228 ipsa
673 2163 798 2211 sunt
830 2177 1049 2229 genera3
1090 2159 1258 2211 multo
1298 2158 1469 2227 igitur
1506 2157 1684 2209 minus
1724 2160 1868 2209 recte

182 2233 354 2302 partis
417 2233 529 2284 eius
542 2274 554 2300 ,
620 2251 755 2301 quae
818 2233 903 2285 hic
966 2232 1185 2301 dicitur,
1251 2235 1432 2301 partes
1496 2231 1866 2300 putabunt-un]

185 2306 388 2358 Deinde
438 2306 485 2358 si
530 2306 847 2359 constitutio
897 2309 950 2358 et
996 2307 1116 2376 ipsa
1163 2309 1217 2358 et
1261 2324 1387 2373 pars
1437 2305 1547 2357 eius
1597 2303 1870 2372 quaelibet

117 2395 159 2426 30
182 2380 497 2432 intentionis
532 2380 774 2449 depulsio
807 2383 904 2448 est,
946 2399 1080 2448 quae
1118 2379 1435 2432 intentionis
1477 2377 1719 2446 depulsio
1759 2395 1870 2429 non

186 2456 283 2521 est,
323 2472 386 2506 ea
414 2471 514 2506 nec
545 2454 859 2507 constitutio
892 2472 992 2506 1166
1022 2472 1148 2522 pars
1182 2451 1584 2506 constitutionis
1619 2454 1714 2503 est.
1773 2452 1869 2516 [At

186 2528 254 2594 si,
301 2544 436 2594 quae
482 2527 799 2579 intentionis
841 2527 1084 2596 depulsio
1124 2545 1234 2579 non
1275 2529 1378 2591 est,
1427 2543 1490 2577 ea
1540 2543 1638 2577 nec
1678 2524 1871 2577 consti-

184 2599 325 2652 tutio
371 2617 470 2652 nec
515 2618 641 2668 pars
689 2601 1094 2653 constitutionis
1150 2603 1253 2667 est,
1309 2598 1622 2650 deliberatio
1679 2601 1732 2650 613
1788 2597 1871 2650 de-

187 2673 510 2726 monstratio
557 2691 731 2742 neque
778 2674 1092 2726 constitutio
1140 2691 1239 2725 nec
1291 2690 1417 2741 pars
1466 2671 1869 2724 constitutionis

119 2760 160 2793 35
187 2749 304 2813 est]
384 2744 441 2798 Si
478 2747 648 2816 igitur
685 2747 1000 2800 constitutio
1042 2750 1095 2799 et
1132 2747 1251 2816 ipsa
1292 2749 1345 2798 et
1382 2764 1508 2814 pars
1550 2745 1662 2797 eius
1702 2746 1871 2797 inten-

186 2820 349 2872 tionis
391 2820 632 2888 depulsio
673 2823 777 2887 est,
817 2820 1134 2873 deliberatio
1176 2824 1230 2872 et
1269 2819 1659 2872 demonstratio
1699 2835 1870 2886 neque

187 2893 504 2946 constitutio
535 2912 708 2963 neque
740 2912 865 2962 pars
899 2892 1303 2947 constitutionis
1330 2895 1426 2946 est.
1481 2892 1667 2945 Placet
1693 2895 1871 2944 autem
