2075 3235
168 888 220 926 19

170 2493 223 2532 21

257 168 283 218 1
293 167 362 219 80
850 163 928 207 DE
962 163 1026 205 IN
1029 161 1340 206 VENTIONE
1871 165 1928 206 64

255 286 657 354 amplectamur,
699 283 921 335 alicuius
956 281 1236 346 retinendi,
1277 280 1505 348 augendi
1538 278 1929 348 adipiscendive

254 359 519 411 commodi
560 361 652 409 aut
685 359 871 407 contra
902 353 1174 420 reiciundi,
1215 353 1551 405 deminuendi
1594 352 1929 404 devitandive

252 431 576 484 incommodi
624 446 796 481 causa.
872 426 1013 478 Nam
1061 426 1116 477 in
1161 426 1355 478 horum
1403 442 1568 493 genus
1610 426 1930 477 alterutrum

253 505 351 556 illa
391 521 597 572 quoque
638 501 886 567 incident,
925 500 981 550 in
1014 499 1205 567 quibus
1240 502 1332 550 aut
1363 498 1688 550 incommodi
1728 497 1931 566 aliquid

253 577 472 629 maioris
530 573 857 642 adipiscendi
911 572 1175 625 commodi
1229 589 1390 624 causa
1444 574 1537 622 aut
1590 571 1810 623 maioris
1857 570 1931 623 vi·
1975 583 1997 617 5

253 650 403 702 tandi
459 647 783 699 incommodi
840 645 1126 713 suscipitur
1183 648 1275 696 aut
1331 644 1546 712 aliquod
1593 644 1931 696 commodum

255 722 472 774 maioris
522 719 847 788 adipiscendi
899 718 1164 771 commodi
1212 720 1304 769 aut
1352 717 1571 769 maioris
1611 717 1817 769 vitandi
1854 717 1930 768 in-

255 794 520 847 commodi
560 792 897 861 praeteritur.

400 867 504 919 Hic
550 867 698 918 locus
748 866 885 917 sicut
937 864 1153 932 aliquod
1199 863 1603 915 fundamentum
1655 865 1736 915 est
1773 863 1930 915 huius

254 940 672 994 constitutionis,
748 937 891 990 Nam
936 938 1072 989 nihil
1118 936 1322 989 factum
1372 955 1485 988 esse
1526 936 1774 1004 cuiquam
1812 953 1930 1004 pro—
1957 950 1998 982 10

253 1015 428 1081 batur,
458 1013 562 1065 nisi
596 1012 812 1080 aliquid,
853 1029 1015 1079 quare
1047 1010 1249 1063 factum
1284 1010 1369 1077 sit,
1403 1009 1716 1062 ostenditur.
1782 1009 1931 1078 Ergo

255 1090 556 1154 accusator,
604 1104 723 1138 cum
770 1084 1090 1153 impulsione
1141 1083 1343 1152 aliquid
1380 1083 1584 1134 factum
1625 1099 1739 1134 esse
1780 1081 1934 1150 dicet,

253 1161 409 1212 illum
456 1160 718 1228 impetum
767 1162 820 1209 et
869 1157 1134 1225 quandam
1188 1156 1601 1208 commotionem
1641 1155 1808 1207 animi
1847 1155 1933 1208 ad—

253 1233 644 1300 fectionemque
690 1231 868 1283 verbis
917 1234 970 1281 et
1022 1230 1302 1282 sententiis
1351 1229 1678 1298 amplificare
1718 1228 1935 1281 debebit

256 1310 308 1358 et
340 1306 634 1373 ostendere,
674 1308 876 1373 quanta
907 1304 988 1355 vis
1022 1304 1093 1355 sit
1127 1303 1340 1370 amoriS,
1380 1306 1581 1371 quanta
1614 1301 1780 1354 animi
1817 1319 1933 1371 per·
1959 1314 2000 1347 15

254 1380 494 1432 turbatio
536 1397 598 1430 ex
637 1377 911 1430 iracundia
950 1377 1046 1428 fiat
1087 1380 1179 1428 aut
1219 1394 1282 1428 ex
1323 1376 1501 1443 aliqua
1526 1378 1702 1428 'causa
1733 1393 1932 1442 earum,

256 1471 358 1521 qua
426 1452 720 1520 impulsum
790 1451 1023 1518 aliquem
1098 1449 1151 1501 id
1212 1449 1401 1501 fecisse
1463 1449 1617 1501 dicet.
1714 1447 1819 1501 Hic
1880 1451 1934 1500 et

256 1526 624 1594 exemplorum
665 1523 1194 1589 commemoratione,
1235 1523 1325 1591 qui
1365 1522 1528 1574 simili
1566 1522 1803 1590 impulsu
1844 1522 1934 1574 ali-

257 1599 383 1666 quid
430 1598 815 1664 commiserint,
865 1599 918 1648 et
966 1596 1376 1647 similitudinum
1425 1595 1727 1647 conlatione
1767 1597 1822 1646 et
1858 1595 1934 1663 ip·

257 1672 365 1723 sius
415 1671 579 1723 animi
628 1670 941 1722 adfectionis
991 1668 1348 1737 explicatione
1388 1667 1680 1720 curandum
1719 1670 1826 1735 est,
1871 1670 1933 1720 ut
1958 1682 2000 1715 20

254 1763 364 1797 non
411 1745 605 1796 mirum
653 1743 920 1809 videatur,
973 1742 1018 1794 si
1059 1741 1199 1811 quod
1239 1741 1305 1793 ad
1343 1740 1550 1794 facinus
1589 1741 1690 1793 tali
1727 1743 1935 1810 pertur-

256 1892 601 1960 1mpulsione,
647 1908 833 1942 verum
880 1889 1290 1941 ratiocinatione
1331 1888 1564 1956 aliquem
1603 1887 1933 1941 commisisse

258 1965 384 2033 quid
423 1965 576 2031 dicet,
617 1963 742 2032 quid
782 1962 1046 2015 commodi
1087 1963 1158 2014 sit
1198 1966 1409 2014 secutus
1450 1964 1543 2013 aut
1576 1961 1702 2030 quid
1732 1961 1934 2014 incom-

257 2037 402 2090 modi
463 2037 695 2106 fugerit,
766 2036 1160 2088 demonstrabit
1221 2038 1274 2087 et
1333 2035 1387 2086 id
1451 2035 1699 2104 augebit,
1774 2053 1932 2104 quam
1958 2048 2000 2081 25

257 2111 487 2163 maxime
534 2110 758 2179 poterit,
812 2113 895 2177 ut,
951 2108 1126 2177 quoad
1173 2108 1284 2160 eius
1331 2108 1447 2160 fieri
1497 2108 1693 2177 possit,
1744 2108 1935 2161 idonea

257 2203 416 2251 quam
456 2184 686 2236 maxime
727 2201 886 2235 causa
926 2182 992 2234 ad
1038 2181 1363 2250 peccandum
1410 2181 1630 2234 hortata
1675 2181 1934 2234 videatur.

259 2256 314 2309 Si
353 2257 557 2326 gloriae
597 2275 778 2324 causa,
819 2258 1074 2324 quantam
1116 2255 1346 2324 gloriam
1386 2258 1790 2308 consecuturam
1830 2256 1936 2307 exi-

260 2330 517 2398 stimarit,
567 2330 699 2381 item
747 2329 792 2381 si
840 2328 1247 2396 dominationiS,
1298 2328 1343 2380 si
1389 2328 1666 2397 pecuniae,
1715 2328 1761 2380 si
1808 2328 1934 2380 ami·

183 1791 239 1904 25)
257 1818 473 1900 batione
507 1820 806 1870 commotus
841 1816 1049 1868 animus
1083 1816 1381 1867 accesserit.
1443 1813 1577 1867 Cum
1609 1817 1789 1867 autem
1827 1832 1935 1867 non
2001 1882 2005 1885 Β

259 2404 429 2471 citiae,
470 2404 517 2455 si
547 2402 967 2470 inimicitiarum,
1008 2405 1060 2453 et
1094 2402 1310 2454 omnino
1351 2401 1600 2470 quicquid
1639 2401 1755 2467 erit,
1795 2401 1934 2470 quod
1959 2415 2032 2457 30⁷

260 2495 449 2529 causae
480 2476 646 2529 fuisse
680 2476 832 2545 dicet,
871 2475 926 2527 id
967 2493 1170 2527 summe
1211 2492 1406 2543 augere
1439 2474 1668 2528 debebit.
1727 2473 1802 2528 Et
1832 2474 1933 2527 hoc

259 2568 379 2601 eum
418 2567 616 2620 magno
658 2567 816 2619 opere
856 2548 1189 2600 considerare
1230 2548 1523 2616 oportebit,
1567 2565 1674 2600 non
1715 2547 1840 2616 quid
1878 2547 1934 2599 in

258 2623 482 2674 veritate
548 2622 729 2691 mod0,
790 2640 973 2674 verum
1029 2622 1192 2673 etiam
1247 2621 1636 2685 vehementius,
1699 2620 1826 2689 quid
1879 2620 1934 2672 in

259 2696 506 2763 opinione
547 2697 674 2764 eius,
715 2714 873 2764 quem
913 2698 1117 2764 arguet,
1155 2694 1332 2746 fuerit.
1393 2692 1546 2746 Nihil
1587 2693 1730 2746 enim
1768 2693 1933 2746 refert

257 2786 366 2820 non
412 2768 575 2821 fuisse
625 2772 717 2821 aut
755 2787 865 2821 non
905 2786 1019 2820 esse
1060 2768 1260 2836 aliquid
1299 2767 1564 2820 commodi
1604 2769 1698 2819 aut
1735 2766 1932 2819 incom-
1957 2779 2000 2812 35

258 2841 425 2909 modi,
478 2842 523 2892 si
570 2842 779 2894 ostendi
824 2844 1006 2911 potest
1046 2841 1094 2892 ei
1132 2841 1308 2893 visum
1347 2858 1484 2908 esse,
1533 2839 1623 2909 qui
1662 2843 1932 2909 arguatur.

258 2912 399 2966 Nam
433 2914 612 2983 opinio
646 2914 928 2984 dupliciter
958 2914 1104 2966 fallit
1135 2914 1394 2982 homineS,
1434 2931 1552 2966 cum
1586 2916 1679 2965 aut
1710 2931 1794 2965 res
1827 2913 1931 2964 alio
2007 2986 2012 2991 ἱ
