2075 3235
152 126 208 167 37
511 123 688 168 LIBER
719 124 752 166 Ι.
811 123 937 170 ΟΑΡ.
971 128 1158 168 35-36.
1213 129 1237 177 ξ
1271 129 1456 169 60-64.
1720 127 1824 179 153

301 242 358 296 Si
406 244 635 312 quadam
687 245 743 295 in
784 245 1248 313 argumentatione
1290 245 1423 296 satis
1466 248 1547 297 est
1585 247 1666 296 uti
1705 231 1910 313 pro-“⁴36

151 318 416 385 positione
479 321 533 368 et
592 336 700 370 non
763 321 975 385 oportet
1038 318 1324 388 adiungere
1380 319 1825 387 approbationem

150 390 523 460 propositioni,
558 392 786 459 quadam
820 394 996 443 autem
1029 391 1086 442 in
1119 392 1584 461 argumentatione
1612 393 1826 444 infirma

152 467 234 515 est
264 464 575 533 propositio,
608 465 714 516 nisi
755 465 1004 516 adiuncta
1037 465 1108 516 sit
1142 467 1476 534 approbatio,
1519 469 1826 534 separatum

105 541 231 589 5est
278 537 538 606 quiddam⁴
577 555 608 589 a
654 538 1022 606 propositione
1071 539 1408 605 approbatiO.
1487 538 1638 600 Quod
1685 540 1824 592 enim

150 615 203 662 et
241 611 460 681 adiungi
499 615 553 663 et
593 612 828 680 separari
868 611 934 662 ab
976 611 1154 680 aliquo
1188 616 1379 680 potest,
1418 613 1473 664 id
1503 631 1612 665 non
1643 616 1824 682 potest

146 685 286 736 idem
327 703 462 753 esse,
503 685 644 753 quod
683 689 764 736 est
802 684 870 753 id,
922 684 987 736 ad
1027 685 1167 753 quod
1206 686 1513 755 adiungitur
1554 690 1606 739 et
1648 706 1679 739 a
1719 705 1822 756 quo

67 798 72 803 .
150 764 452 827 separatur-3
499 762 581 810 est
628 762 806 810 autem
860 758 1118 826 quaedam
1162 761 1581 828 argumentatiO,
1622 762 1679 812 in
1719 779 1824 829 qua

146 832 444 900 propositio
471 850 576 883 non
593 831 799 900 indiget
818 833 1238 900 approbationiS,
1265 836 1317 885 et
1336 834 1611 902 quaedam,
1635 835 1691 886 in
1718 853 1823 903 qua

83 919 122 949 10
147 905 281 956 nihil
313 906 457 958 valet
490 905 601 957 sine
627 905 1030 974 approbatione,
1059 910 1119 957 ut
1145 906 1501 959 ostendemus,
1565 906 1824 975 Separata

146 979 312 1047 igitur
343 984 424 1030 est
449 997 480 1030 a
504 979 869 1047 propositione
896 980 1231 1048 approbatiO.
1287 980 1611 1032 Ostendetur
1644 984 1823 1033 autem

146 1053 215 1120 id,
248 1052 388 1121 quod
421 1052 648 1120 polliciti
685 1070 886 1121 sumUS,
917 1053 1019 1105 hoo
1051 1054 1233 1106 modo:
1267 1052 1413 1115 Quae
1445 1055 1742 1122 propositio
1767 1056 1825 1106 in

147 1144 202 1178 se
240 1126 490 1194 quiddam
515 1127 752 1179 eontinet
776 1127 1113 1195 perspicuum
1139 1131 1192 1179 et
1217 1127 1357 1196 quod
1382 1131 1525 1180 stare
1550 1129 1691 1181 inter
1717 1147 1823 1181 om-

146 1217 239 1251 nes
270 1218 485 1252 necesse
518 1204 614 1266 est,
653 1200 790 1253 hanc
829 1201 967 1253 velle
1002 1202 1302 1269 approbare
1336 1205 1390 1254 et
1432 1202 1646 1254 firmare
1686 1203 1823 1254 nihil

80 1286 121 1318 15
148 1273 356 1325 attinet.
416 1273 499 1326 Ea
524 1278 605 1326 est
635 1274 961 1326 huiusmodi:
995 1273 1085 1340 ‘Si‚
1115 1293 1219 1342 quo
1246 1275 1328 1326 die
1353 1275 1556 1328 Romae
1581 1276 1687 1328 ista
1712 1295 1823 1328 oae-

147 1347 236 1398 des
268 1346 413 1399 facta
439 1352 533 1413 est,
566 1365 665 1416 ego
692 1347 922 1398 Athenis
956 1365 1016 1399 eo
1051 1348 1133 1399 die
1165 1348 1256 1416 fui,
1288 1348 1344 1399 in
1377 1349 1535 1401 caede
1565 1349 1824 1402 interesse

144 1439 252 1473 non
283 1420 468 1488 potui.⁹
515 1419 633 1472 Hoc
659 1421 784 1489 quia
806 1421 1084 1489 perspicue
1109 1440 1292 1473 verum
1324 1426 1421 1490 est,
1460 1423 1594 1474 nihil
1628 1424 1824 1475 attinet

146 1494 450 1563 approbari.
487 1493 660 1555 Quare
680 1495 889 1546 adsumi
915 1496 1101 1546 statim
1119 1499 1350 1564 oportet,
1373 1495 1475 1549 hoc
1500 1496 1677 1549 modo:
1707 1497 1766 1549 ‘F
1769 1499 1824 1550 ui

147 1571 326 1620 autem
352 1568 578 1619 Athenis
612 1586 672 1620 eo
707 1568 822 1620 die.³
884 1568 1002 1621 Hoo
1028 1569 1073 1620 si
1105 1588 1213 1621 non
1245 1573 1472 1638 constat,
1505 1571 1711 1640 indiget
1737 1590 1824 1640 ap·

78 1653 120 1686 20
144 1641 502 1710 probationis3
543 1660 647 1710 qua
688 1642 907 1694 inducta
946 1643 1245 1711 complexio
1286 1648 1653 1712 consequetur.
1722 1645 1824 1696 Est

143 1715 311 1784 igitur
350 1716 610 1783 quaedam
641 1716 957 1785 propositio,
997 1735 1130 1785 quae
1169 1735 1277 1769 non
1315 1717 1522 1787 indiget
1562 1719 1822 1787 approba-

145 1791 306 1841 tione.
398 1788 540 1841 Nam
595 1807 709 1841 esse
762 1790 974 1857 quidem
1032 1791 1322 1859 quandam,
1379 1810 1514 1859 quae
1568 1792 1822 1861 indigeat,

146 1863 273 1931 quid
314 1863 509 1915 attinet
549 1863 848 1931 ostendere,
897 1864 1037 1932 quod
1077 1864 1244 1917 cuivis
1284 1865 1442 1917 facile
1481 1866 1821 1935 perspicuum

146 1937 263 1988 est‘?
341 1936 541 1999 Quodsi
588 1937 666 1989 ita
714 1941 818 2004 est,
866 1955 929 1989 ex
973 1938 1075 1990 hoo
1124 1942 1175 1990 et
1215 1957 1277 1990 ex
1317 1957 1401 2003 eo,
1450 1940 1592 2007 quod
1630 1958 1821 2009 propo-

78 2022 120 2055 25
146 2028 446 2079 sueramus,
492 2011 593 2063 hoo
639 2011 938 2078 conficitur,
986 2015 1294 2081 separatum
1343 2030 1458 2064 esse
1499 2013 1751 2081 quiddam
1793 2033 1823 2066 a

143 2084 511 2153 propositione
559 2085 1018 2154 approbationem.
1097 2084 1189 2137 Sin
1229 2089 1410 2138 autem
1448 2088 1526 2139 ita
1574 2090 1677 2155 est,
1724 2088 1821 2140 fal-

145 2176 264 2210 sum
311 2163 393 2209 est
437 2176 545 2210 non
593 2177 707 2210 esse
753 2160 873 2227 plus
914 2177 1073 2227 quam
1114 2160 1444 2227 tripertitam
1486 2165 1821 2229 argumenta·

143 2231 361 2284 tionem.
446 2230 621 2284 Simili
671 2233 828 2285 modo
876 2233 1046 2302 liquet
1093 2234 1322 2286 alteram
1371 2253 1580 2303 quoque
1629 2254 1820 2303 appro-

143 2305 417 2357 bationem
472 2310 775 2374 separatam
829 2325 943 2359 esse
992 2308 1058 2359 ab
1112 2308 1501 2376 adsumptione.
1588 2307 1643 2361 Si
1696 2328 1820 2378 qua-

79 2391 119 2423 30
146 2379 267 2431 dam
315 2379 370 2430 in
418 2380 883 2449 argumentatione
931 2383 1062 2433 satis
1111 2386 1194 2434 est
1232 2382 1314 2433 uti
1353 2382 1727 2449 adsumptione
1767 2387 1820 2435 et

142 2470 250 2505 non
305 2457 519 2521 oportet
583 2454 869 2523 adiungere
933 2455 1378 2523 approbationem
1444 2455 1819 2524 adsumptioni,

145 2527 375 2595 quadam
431 2530 608 2579 autem
667 2528 724 2579 in
785 2529 1251 2598 argumentatione
1311 2529 1526 2582 infirma
1587 2534 1670 2582 est
1731 2531 1818 2582 ad-

145 2601 395 2668 sumptiO,
431 2602 535 2652 nisi
569 2601 821 2654 adiuncta
854 2603 924 2654 sit
957 2602 1293 2670 approbatio,
1331 2606 1638 2671 separatum
1671 2604 1820 2672 quid—

144 2672 265 2725 dam
306 2678 457 2726 extra
496 2674 925 2743 adsumptionem
966 2680 1048 2728 est
1088 2676 1420 2744 approbatio.
1497 2677 1599 2729 Est
1638 2682 1816 2730 autem

76 2759 118 2791 35
144 2751 540 2817 argumentatio
582 2749 858 2817 quaedam,
895 2750 951 2801 in
984 2769 1088 2818 qua
1121 2750 1424 2818 adsumptio
1461 2769 1570 2803 non
1607 2751 1816 2820 indiget

143 2822 563 2890 approbationis,
603 2822 864 2891 quaedam
902 2828 1096 2892 autem,
1133 2823 1190 2874 in
1223 2843 1327 2893 qua
1357 2824 1493 2876 nihil
1526 2826 1670 2877 valet
1702 2826 1814 2877 sine

142 2896 544 2963 approbatione,
585 2900 644 2948 ut
682 2896 1038 2949 ostendemus
1109 2894 1369 2966 Separata
1418 2899 1586 2968 igitur
1627 2904 1706 2950 est
1747 2899 1812 2950 ab

1858 312 1911 350 62

1857 1295 1911 1334 63

1855 2253 1910 2293 64
