2080 3204
195 120 266 171 54
388 160 391 163 ,
443 154 446 156 .
665 93 668 96 ’
753 117 833 161 AD
870 115 1315 161 C.HERENN1UM

197 238 359 291 ccndo
403 240 547 307 [pro]
589 242 776 290 nostro
812 235 1092 289 commodo
1125 235 1411 304 possimuS,
1452 233 1683 287 maxime
1713 232 1878 286 faciet

196 311 509 365 exercitatio
544 310 967 364 declamationis,
1039 307 1379 378 Quapropter
1412 308 1474 360 de
1507 306 1877 377 magnitudine

194 385 343 438 vocis
400 390 452 437 et
505 384 851 436 firmitudinis
916 385 1092 451 parte,
1149 382 1402 450 quoniam
1458 381 1630 434 altera
1682 383 1878 432 natura

196 459 420 528 paritur,
454 460 624 510 altera
658 475 784 508 cura
818 458 1178 524 comparatur,
1211 455 1348 506 nihil
1379 473 1478 508 nos
1505 454 1704 507 attinet
1736 472 1876 506 com·

198 550 436 598 monere,
474 531 580 582 nisi
619 533 680 582 ut
721 530 787 582 ab
828 530 917 596 iis,
959 530 1047 597 qui
1087 547 1197 580 non
1235 528 1392 580 inscii
1433 531 1557 580 sunt
1596 528 1708 579 eius
1749 527 1876 579 arti·
1924 540 1945 572 ⁵

115 608 179 659 12
197 606 316 672 ficii,
348 605 488 657 ratio
530 603 795 656 curandae
834 602 980 655 vocis
1020 605 1252 671 petatur.
1321 601 1402 653 De
1436 619 1498 653 ea
1529 603 1683 669 parte
1713 600 1877 652 firmi-

109 918 162 956 21

120 2458 177 2497 22

197 680 414 745 tudiniS,
456 696 592 745 quae
633 680 982 729 conservatur
1021 676 1232 728 ratione
1265 675 1689 742 declamationiS,
1729 676 1783 726 et
1815 673 1878 725 de

198 751 538 804 mollitudine
578 751 740 818 vociS,
782 768 918 818 quae
949 749 1178 802 maxime
1209 748 1514 801 necessaria
1545 751 1629 800 est
1661 747 1880 814 oratori,

201 825 453 894 quoniam
502 843 564 876 ea
612 842 822 892 quoque
870 823 1236 876 moderatione
1285 820 1691 875 declamationis
1740 838 1879 873 com-

199 901 442 967 paratur,
504 898 784 950 dicendum
846 897 1071 949 videtur.
1163 895 1400 948 Firmam
1456 912 1585 965 ergo
1648 894 1880 947 maxime
1906 909 1947 940 10

198 970 495 1041 poterimus
558 972 617 1023 in
679 970 901 1024 dicendo
964 988 1151 1023 vocem
1213 987 1555 1036 conservare,
1618 968 1665 1020 si
1720 986 1882 1037 quam

199 1045 429 1098 maxime
482 1045 667 1097 sedata
719 1048 772 1097 et
829 1045 1083 1113 depressa
1129 1061 1257 1096 voce
1312 1042 1578 1112 principia
1631 1041 1880 1094 dicemus,

197 1119 340 1171 Nam
380 1118 667 1170 laeduntur
709 1119 959 1186 arteriae,
1009 1118 1075 1185 si,
1116 1120 1407 1185 antequam
1431 1134 1575 1175 ,voce
1614 1115 1724 1167 leni
1762 1132 1880 1184 per·

200 1193 405 1244 mulsae
448 1195 586 1260 sunt,
627 1192 738 1245 acri
777 1193 1011 1244 clamore
1052 1191 1404 1260 complentur.
1475 1189 1548 1242 Et
1577 1188 1881 1241 intervallis

199 1266 538 1336 longioribus
580 1267 661 1317 uti
701 1265 1006 1318 conveniet:
1047 1267 1321 1317 recreatur
1361 1264 1502 1316 enim
1543 1262 1739 1332 spiritu
1776 1280 1882 1315 vox
1908 1275 1948 1308 15

202 1343 255 1391 et
295 1340 523 1392 arteriae
567 1339 840 1399 *reticendo
891 1338 1262 1406 adquiescunt3
1317 1341 1370 1390 et
1417 1337 1728 1390 continuum
1779 1336 1883 1388 cla-

201 1431 407 1466 morem
453 1413 730 1464 remittere
786 1417 839 1464 et
894 1413 961 1464 ad
1014 1429 1315 1464 sermonem
1365 1410 1598 1463 transire
1646 1412 1882 1479 oportet:

203 1486 651 1539 commutationes
704 1486 845 1538 enim
899 1485 1127 1553 faciunt,
1183 1488 1243 1537 ut
1297 1485 1445 1537 nullo
1496 1502 1689 1553 genere
1737 1483 1881 1535 vocis

204 1561 370 1612 effuso
423 1560 479 1611 in
534 1560 680 1612 omni
727 1577 856 1612 voce
903 1559 1104 1628 integri
1151 1559 1341 1625 simus3
1398 1561 1452 1610 et
1500 1560 1684 1610 acutas
1736 1556 1882 1609 vocis

202 1633 621 1686 exclamationes
647 1633 819 1685 vitare
847 1633 1169 1699 [debemus]:
1195 1632 1332 1684 ictus
1360 1631 1501 1683 enim
1525 1632 1589 1682 fit
1614 1633 1667 1682 et
1689 1630 1881 1682 vulnus
1906 1643 1948 1675 20

204 1707 432 1759 arteriae
474 1710 632 1759 acuta
672 1710 831 1775 atque
873 1709 1153 1758 attenuata
1191 1705 1352 1757 nimis
1395 1703 1788 1757 adclamatione
1829 1706 1884 1755 et

205 1781 294 1849 qui
328 1780 583 1849 splendor
617 1783 698 1832 est
725 1780 885 1848 vociS,
912 1779 1259 1832 consumitur.
1337 1778 1457 1832 Uno
1484 1779 1719 1831 clamore
1738 1777 1882 1843 [uni-

203 1856 382 1920 verso]
425 1857 478 1906 et
517 1872 622 1906 uno
664 1854 858 1922 spiritu
897 1854 1231 1906 continenter
1272 1853 1444 1905 multa
1491 1852 1663 1904 dicere
1703 1851 1760 1902 in
1799 1869 1882 1902 ex-

203 1931 377 1980 trema
395 1927 645 1980 convenit
664 1927 928 1985 oratione:
947 1926 1128 1980 fauces
1148 1927 1288 1979 enim
1308 1926 1559 1978 calefiunt
1582 1928 1635 1977 et
1651 1923 1882 1976 arteriae

207 2001 545 2069 complentur
587 2004 639 2052 et
679 2019 796 2069 vox,
837 2019 971 2069 quae
1012 2003 1247 2053 tractata
1286 2000 1432 2052 varie
1473 2001 1570 2065 est,
1609 1997 1880 2050 reducitur
1906 2010 1948 2042 25
1982 1996 1985 1997 ⁷

205 2075 262 2126 in
288 2074 552 2142 quendam
574 2092 763 2126 sonum
783 2074 1119 2142 aequabilem
1139 2077 1299 2142 atque
1319 2075 1673 2125 constantem.
1715 2069 1885 2139 Saepe

206 2166 385 2200 rerum
439 2150 664 2200 naturae
721 2148 896 2218 gratia
952 2147 1211 2216 quaedam
1265 2147 1380 2198 iure
1437 2146 1682 2212 debetur,
1736 2145 1886 2197 velut

208 2221 399 2274 accidit
440 2221 495 2273 in
533 2221 634 2273 hac
673 2239 743 2273 re.
821 2220 963 2273 Nam
1006 2239 1140 2289 quae
1181 2221 1406 2273 dicimus
1448 2220 1514 2272 ad
1553 2237 1738 2271 vocem
1779 2234 1886 2270 ser-

208 2295 439 2347 vandam
493 2295 773 2363 prodesse,
837 2295 1021 2346 eadem
1078 2294 1311 2346 attinent
1368 2293 1433 2346 ad
1491 2292 1885 2346 suavitudinem

209 2368 690 2437 pronuntiationiS,
744 2371 826 2436 ut,
876 2368 1021 2436 quod
1066 2371 1284 2420 nostrae
1332 2368 1447 2420 voci
1498 2366 1693 2435 prosit,
1741 2364 1884 2418 idem
1910 2378 1952 2410 ³0

212 2442 482 2494 voluntati
523 2441 782 2494 auditoris
830 2442 1103 2511 probetur.
1180 2441 1332 2504 Utile
1378 2444 1460 2492 est
1501 2440 1567 2492 ad
1605 2437 1885 2491 firmitudi-

155 2528 158 2531 ’
207 2533 329 2567 nem
370 2514 556 2567 sedata
601 2533 705 2568 vox
757 2516 815 2567 in
859 2515 1139 2584 principio.
1217 2513 1352 2575 Quid
1399 2513 1676 2566 insuavius
1725 2523 1885 2580 quam

211 2589 411 2640 clamor
435 2588 492 2640 in
518 2589 733 2641 exordio
755 2589 980 2641 causae?
1013 2587 1313 2640 Intervalla
1330 2606 1518 2641 vocem
1543 2586 1885 2652 confirmant3

211 2661 396 2713 eadem
427 2663 720 2730 sententias
743 2662 1108 2715 concinniores
1136 2662 1397 2714 divisione
1420 2653 1650 2713 reddunt
1667 2662 1721 2711 et
1740 2657 1886 2711 audi-
1939 2653 1956 2663 ’

209 2735 318 2787 tori
365 2736 600 2804 spatium
641 2736 916 2806 cogitandi
955 2735 1277 2803 relinquunt.
1356 2734 1655 2788 Conservat
1700 2749 1887 2785 vocem
1912 2742 1954 2777 35

211 2807 454 2860 continui
480 2809 729 2862 clamoris
755 2809 1023 2862 remissio:
1060 2813 1113 2861 et
1139 2808 1440 2861 auditorem
1474 2806 1687 2875 quidem
1719 2805 1888 2857 varie-

210 2884 295 2934 tas
337 2882 566 2934 maxime
609 2883 853 2952 delectat,
894 2901 1015 2936 cum
1048 2885 1100 2934 et
1134 2899 1380 2935 sermone
1421 2882 1660 2933 animum
1692 2878 1890 2931 retinet
