2075 3235
424 125 603 171 LIBER
636 126 712 171 IV.
777 125 906 171 CAP.
939 130 1126 170 33-34.
1182 131 1205 179 ξ
1238 131 1426 171 44-45.
1693 128 1764 181 95

87 263 382 372 nulmterum‚
413 249 474 298 ut
497 245 733 315 perfecte
760 249 814 297 et
844 245 1266 314 perpolitissime
1294 246 1505 315 possint
1532 265 1646 299 esse
1673 249 1762 300 ab·

90 339 147 373 so
173 339 208 372 u
235 337 311 372 ae.

235 390 537 461 Superlatio
571 395 652 444 est
683 391 854 445 oratio
889 409 1146 460 superans
1178 392 1462 445 veritatem
1491 393 1759 460 [alicuius]
1780 396 1848 448 33

89 464 317 535 augendi
365 465 700 517 minuendive
748 483 921 518 causa.
997 464 1144 517 Haec
1192 467 1421 518 sumitur
1469 467 1761 535 separatim

42 553 64 586 5
89 543 182 592 aut
220 557 339 591 cum
379 539 790 607 comparatione.
869 536 1192 605 Separatim,
1234 539 1329 591 sic:
1378 538 1599 600 ‘Quodsi
1639 558 1762 592 con-

89 612 322 665 cordiam
362 612 725 675 retinebimuS‚
763 611 975 680 imperii
1008 612 1436 680 magnitudinem
1469 613 1598 665 solis
1640 616 1762 665 ortu

89 688 247 754 atque
297 702 487 738 occasu
541 683 855 737 metiemur?
943 682 1078 736 Cum
1134 686 1534 754 comparatione
1587 689 1681 738 aut
1732 705 1763 738 a

89 758 436 810 similitudine
477 761 570 810 aut
610 777 641 811 a
671 758 1005 827 praestantia
1045 759 1339 827 superlatio
1392 760 1636 812 sumitur.
1713 759 1762 811 A

89 831 462 898 similitudine,
502 831 599 884 sic:
648 830 904 900 ‘Corpore
946 831 1162 884 niveum
1204 832 1502 900 candorem,
1543 836 1762 902 aspectu

22 919 63 952 ιο
86 906 303 975 igneum
351 905 596 957 ardorem
652 903 1078 974 adsequebatur.'
1157 905 1207 956 A
1253 906 1611 974 praestantia,
1658 906 1760 958 hoc

86 977 267 1031 modo:
332 976 515 1031 ‘Cuius
571 995 661 1031 ore
718 995 891 1030 sermo
948 978 1106 1029 melle
1164 978 1368 1031 dulcior
1421 979 1760 1048 profluebat.²

85 1051 290 1104 Eodem
324 1069 517 1121 genere
542 1054 623 1104 est
646 1051 771 1104 hoc:
812 1050 1034 1103 ‘Tantus
1068 1055 1184 1104 erat
1215 1052 1271 1104 in
1304 1053 1466 1105 armis
1493 1052 1761 1122 splendor,

86 1128 146 1177 ut
187 1125 313 1177 solis
353 1125 534 1195 fulgor
574 1125 831 1178 obscurus
872 1124 1176 1177 videretur?

232 1197 532 1251 Intellectio
582 1202 685 1266 est,
741 1217 860 1251 cum
914 1216 998 1250 res
1054 1202 1171 1251 tota
1227 1201 1436 1268 [parva]
1495 1199 1557 1251 de
1606 1202 1761 1267 parte

21 1286 62 1320 15
86 1272 428 1341 cognoscitur
475 1274 568 1323 aut
615 1272 677 1323 de
725 1274 842 1324 toto
882 1290 1007 1339 pars
1049 1312 1060 1323 .
1107 1313 1118 1324 .
1158 1313 1169 1325 .
1210 1313 1221 1324 .
1270 1272 1350 1324 De
1390 1277 1545 1341 parte
1585 1276 1761 1325 totum

86 1345 162 1397 sic
208 1345 562 1415 intellegitur:
617 1344 761 1397 ‘Non
814 1345 940 1396 illae
992 1347 1045 1396 te
1100 1346 1372 1413 nuptiales
1428 1345 1593 1397 tibiae
1650 1346 1762 1398 eius

85 1418 417 1470 matrimonii
442 1417 909 1471 commonebant?'
935 1416 1077 1470 Nam
1096 1418 1181 1471 hic
1208 1419 1380 1471 omnis
1409 1419 1763 1472 sanctimonia

83 1492 394 1560 nuptiarum
445 1509 550 1544 uno
608 1493 762 1560 signo
811 1485 1069 1543 tibia-rum
1115 1492 1477 1562 intellegitur3
1532 1492 1594 1544 de
1642 1495 1760 1545 toto

86 1583 225 1633 pars,
257 1568 317 1617 ut
350 1565 396 1616 si
428 1565 546 1634 quis
581 1565 643 1633 ei,
677 1565 767 1634 qui
798 1565 1055 1617 vestitum
1081 1569 1175 1617 aut
1201 1569 1453 1618 ornatum
1486 1569 1761 1634 sumptuo-

20 1653 62 1686 20
87 1656 204 1691 sum
245 1638 515 1706 ostendet,
565 1638 727 1691 dicat:
778 1637 1053 1691 ‘Ostentas
1095 1639 1226 1690 mihi
1267 1639 1483 1691 divitias
1525 1642 1578 1691 et
1618 1640 1761 1692 locu-

86 1712 257 1780 pletes
290 1712 470 1780 copias
502 1710 706 1765 iactas?
769 1710 856 1764 Ab
897 1730 1003 1764 uno
1035 1713 1192 1781 plura
1224 1713 1325 1765 hoc
1357 1713 1515 1765 modo
1548 1713 1759 1765 intelle-

87 1788 299 1853 gentur:
355 1785 555 1838 ‘Poeno
606 1785 710 1837 fuit
756 1784 1029 1854 Hispanus
1081 1786 1305 1854 auxilio,
1361 1785 1465 1837 fuit
1510 1787 1760 1838 immanis

85 1859 178 1910 ille
233 1858 641 1927 Transalpinus‚
691 1859 749 1910 in
797 1858 960 1911 Italia
1015 1877 1224 1928 quoque
1269 1877 1536 1912 nonnemo
1593 1859 1761 1912 sensit

85 1932 226 1984 idem
281 1931 536 2002 togatus.'
629 1932 678 1984 A
732 1932 977 2000 pluribus
1033 1951 1200 1984 unum
1256 1933 1331 1985 sic
1386 1933 1759 2001 intellegetur:

19 2019 62 2053 25
86 2004 280 2058 ‘Atrox
334 2006 614 2059 calamitas
669 2009 889 2075 pectora
943 2023 1183 2059 maerore
1238 2007 1514 2074 pulsabat3
1577 2007 1759 2075 itaque

88 2079 344 2131 anhelans
387 2097 450 2131 ex
489 2079 610 2132 imis
643 2080 990 2148 pulmonibus
1026 2098 1151 2147 prae
1193 2098 1320 2132 cura
1353 2080 1575 2148 spiritus
1610 2080 1760 2132 duce-

86 2150 216 2204 bat.'
300 2151 443 2205 Nam
482 2152 538 2205 in
585 2153 859 2222 superiore
906 2154 1088 2221 plures
1135 2152 1365 2221 Hispani
1413 2156 1465 2205 et
1516 2153 1661 2206 Galli
1708 2156 1761 2205 et

90 2226 282 2296 togati,
314 2227 412 2292 [et]
445 2225 532 2278 hic
557 2245 722 2278 unum
746 2229 933 2295 pectus
960 2230 1012 2279 et
1035 2244 1171 2278 unus
1198 2227 1383 2295 pulmo
1409 2227 1762 2296 intellegitur,

89 2303 141 2351 et
181 2299 281 2351 erit
312 2299 424 2352 illic
465 2299 767 2352 deminutus
798 2318 1051 2353 numerus
1083 2300 1414 2368 festivitatis,
1456 2300 1542 2352 hic
1575 2300 1761 2352 adauc-

21 2387 63 2420 30
86 2375 174 2426 tus
216 2372 502 2442 gravitatis
545 2373 734 2443 gratia.

235 2446 441 2498 Abusio
491 2450 593 2515 est,
642 2465 776 2515 quae
815 2447 979 2500 verbo
1022 2447 1186 2499 simili
1227 2450 1280 2499 et
1319 2446 1622 2515 propinquo
1662 2464 1760 2515 pro

89 2522 234 2572 certo
275 2522 329 2571 et
365 2519 583 2588 proprio
625 2521 885 2588 abutitur,
931 2521 1033 2573 hoc
1073 2520 1255 2572 modo:
1304 2519 1478 2572 ‘Vires
1525 2519 1762 2572 hominis

87 2593 275 2645 breves
323 2593 488 2660 sunt3'
546 2596 658 2645 aut:
712 2592 901 2663 ‘parva
950 2593 1200 2660 statura3'
1251 2596 1364 2645 aut:
1419 2592 1660 2662 ‘longum
1705 2593 1762 2644 in

86 2666 303 2719 homine
329 2666 653 2734 consilium3'
687 2670 799 2719 aut:
834 2667 1025 2720 ‘oratio
1053 2665 1291 2735 magna3'
1325 2669 1438 2718 auti
1466 2665 1565 2717 ‘uti
1589 2684 1759 2735 pauco

20 2752 63 2787 35
88 2737 364 2792 sermone?
427 2738 569 2791 Nam
602 2739 688 2792 hic
718 2740 876 2792 facile
909 2743 991 2793 est
1022 2740 1302 2792 intellectu
1332 2739 1564 2791 finitima
1595 2740 1761 2792 verba.

86 2831 263 2866 rerum
305 2812 646 2865 dissimilium
686 2813 897 2867 ratione
939 2812 1211 2866 abusionis
1253 2831 1369 2866 esse
1408 2812 1671 2866 traducta.

1793 1730 1848 1769 45

235 2886 540 2939 Translatio
594 2891 698 2955 est,
752 2905 871 2940 cum
923 2887 1146 2939 verbum
1206 2886 1264 2938 in
1319 2887 1587 2956 quandam
1647 2903 1760 2937 rem
1779 2885 1849 2937 34
