2080 3204
582 77 763 122 LIBER
792 76 850 122 II.
906 76 1036 122 CAP.
1069 82 1228 121 9-11.
1291 83 1316 132 ξ
1352 84 1538 126 13-16,
1820 82 1890 135 23

222 200 444 252 ditatem
506 200 665 265 atque
720 197 1064 264 brevitatem,
1128 198 1269 266 quod
1321 201 1538 251 tantum
1601 200 1890 269 scripserit,

221 273 362 341 quod
392 288 606 324 necesse
636 269 813 337 fuerit,
857 270 1050 338 [illud,]
1095 271 1235 339 quod
1268 271 1380 323 sine
1414 272 1613 341 scripto
1646 274 1891 344 intellegi

218 345 471 415 potuerit,
493 361 603 396 non
625 344 985 395 necessarium
1012 345 1397 411 [scribendum]
1425 347 1646 414 putarit.
1684 346 1889 399 Deinde

221 419 452 471 dicemus
492 416 898 469 calumniatoris
938 435 1064 469 ’esse
1106 417 1341 470 officium
1381 420 1545 471 verba
1585 424 1638 472 et
1676 420 1888 473 litteras

173 505 196 537 5
220 492 384 560 sequi,
415 491 702 560 neglegere
727 490 1078 543 voluntatem.
1133 491 1336 544 Deinde
1361 492 1429 560 id,
1463 493 1605 561 quod
1629 494 1889 563 scriptum

217 565 303 632 sit,
336 566 429 616 aut
466 583 577 616 non
614 581 771 633 posse
811 564 927 615 fieri
968 569 1060 616 aut
1098 583 1206 617 non
1246 566 1385 635 lege,
1424 585 1534 619 non
1571 585 1742 635 more,
1780 586 1892 620 non

213 641 430 706 natura,
476 656 586 690 non
634 656 802 706 aequo
852 642 905 690 et
950 638 1090 690 bono
1142 657 1299 706 posse
1337 640 1475 706 fieri,
1528 659 1661 708 quae
1711 642 1890 694 omnia

213 711 452 764 noluisse
493 711 810 780 scriptorem
852 730 1011 779 quam
1044 713 1341 764 rectissime
1381 713 1498 765 fieri
1536 733 1692 767 nemo
1728 714 1888 783 dicet,

215 788 271 837 at
302 804 378 853 63,
412 803 546 853 quae
581 804 612 837 a
642 785 799 837 nobis
823 784 969 838 facta
995 785 1118 854 sint,
1150 786 1445 839 iustissime
1469 787 1628 840 facta.
1683 788 1888 840 Deinde

148 871 190 903 10
213 859 540 911 contrariam
588 859 910 911 sententiam
966 863 1059 911 aut
1103 860 1312 911 nullam
1360 878 1475 912 esse
1524 865 1616 913 aut
1663 863 1888 914 stultam

213 936 307 985 aut
352 933 615 984 iniustam
671 935 763 985 aut
809 951 918 985 non
968 951 1126 1001 posse
1176 934 1292 985 fieri
1344 937 1436 985 aut
1485 953 1595 987 non
1641 939 1888 988 constare

212 1024 333 1058 cum
382 1006 749 1075 superioribus
800 1010 852 1058 et
899 1006 1244 1059 inferioribus
1297 1009 1578 1060 sententiis
1628 1012 1719 1060 aut
1768 1029 1886 1062 cum

211 1080 325 1132 iure
365 1080 635 1133 communi
675 1084 768 1132 aut
808 1099 929 1133 cum
969 1081 1089 1132 aliis
1130 1082 1340 1150 legibus
1383 1083 1752 1134 communibus
1794 1087 1887 1136 aut

212 1171 333 1206 cum
379 1155 539 1206 rebus
587 1154 835 1206 iudicatis
884 1154 1180 1207 dissentire.
1267 1155 1472 1207 Deinde
1521 1157 1889 1225 exemplorum

145 1240 187 1272 15
212 1247 244 1280 a
289 1228 569 1280 voluntate
622 1232 675 1279 et
726 1231 914 1280 contra
967 1228 1226 1296 scriptum
1273 1229 1631 1281 iudicatorum
1679 1249 1888 1283 enume-

210 1302 499 1368 rationem,
555 1302 741 1353 deinde
789 1303 995 1371 legum,
1051 1302 1463 1371 stipulationum
1509 1303 1747 1355 breviter
1802 1322 1887 1357 ex-

212 1375 547 1444 scriptarum,
579 1375 636 1426 in
670 1376 862 1443 quibus
895 1376 1248 1446 intellegatur
1274 1377 1596 1445 scriptorum
1620 1378 1888 1445 voluntaS,

210 1450 616 1518 expositionem.
681 1448 854 1502 Locus
889 1450 1186 1502 communis
1227 1454 1417 1502 contra
1457 1469 1591 1519 eum,
1633 1452 1725 1519 qui
1765 1452 1889 1504 scri-

209 1526 365 1591 ptum
389 1523 579 1575 recitet
610 1526 664 1574 et
690 1523 968 1592 scriptoris
993 1525 1332 1576 voluntatem
1355 1542 1464 1576 non
1487 1525 1886 1593 interpretetur.

142 1609 185 1641 20
211 1595 347 1649 Cum
403 1597 536 1649 duae
581 1597 729 1666 leges
779 1598 922 1649 inter
970 1616 1026 1649 se
1082 1598 1409 1666 discrepant,
1463 1598 1749 1650 videndum
1805 1602 1888 1651 est

209 1671 458 1739 primum,
498 1689 627 1722 num
669 1689 771 1738 qua
806 1671 1090 1740 obrogatio
1134 1675 1225 1723 aut
1259 1672 1536 1741 derogatio
1572 1672 1657 1739 sit,
1699 1672 1886 1725 deinde

208 1748 390 1796 utrum
439 1744 586 1814 leges
635 1744 712 1796 ita
761 1744 1104 1813 dissentiant,
1150 1749 1211 1797 ut
1252 1746 1424 1797 altera
1462 1746 1667 1813 iubeat,
1716 1747 1887 1799 altera

207 1821 380 1886 vetet,
445 1837 514 1870 an
581 1818 684 1886 ita,
747 1821 807 1870 ut
871 1820 1041 1871 altera
1105 1822 1291 1889 cogat,
1355 1820 1527 1871 altera
1587 1821 1886 1888 permittat.

206 1891 428 1944 Infirma
476 1892 616 1943 enim
665 1892 767 1943 erit
814 1892 925 1944 eius
975 1892 1233 1960 defensio,
1289 1893 1381 1961 qui
1425 1893 1648 1962 negabit
1703 1912 1758 1945 se
1811 1893 1885 1946 fe-

140 1978 183 2011 25
208 1966 369 2034 cisse,
426 1966 567 2034 quod
623 1969 929 2035 cogeretur,
985 1985 1106 2018 cum
1160 1967 1331 2019 altera
1384 1967 1470 2019 lex
1524 1967 1884 2035 permitteret:

206 2040 328 2108 plus
356 2039 498 2092 enim
522 2039 668 2092 valet
694 2041 899 2093 sanctio
925 2040 1291 2109 permissione.
1347 2040 1485 2093 Item
1516 2041 1613 2093 illa
1646 2041 1884 2095 defensio

206 2114 383 2166 tenuis
433 2117 536 2180 est,
584 2132 703 2166 cum
752 2114 1055 2166 ostenditur
1105 2114 1158 2165 id
1206 2115 1410 2166 factum
1457 2133 1594 2182 esse,
1642 2116 1783 2184 quod
1823 2134 1884 2168 ea

207 2187 292 2239 lex
342 2187 572 2254 sanciat,
629 2187 714 2240 cui
764 2188 874 2258 legi
922 2189 1243 2258 obrogatum
1293 2193 1385 2240 aut
1432 2188 1750 2258 derogatum
1791 2190 1882 2256 sit3

209 2260 285 2328 id,
326 2261 467 2329 quod
505 2261 804 2329 posteriore
844 2263 964 2332 lege
1005 2266 1250 2314 sanctum
1291 2263 1376 2328 sit,
1416 2281 1530 2314 esse
1562 2263 1882 2332 neglectum.

142 2347 184 2379 30
210 2333 345 2387 Cum
384 2334 515 2386 haec
557 2338 711 2386 erunt
751 2336 1099 2403 considerata,
1141 2336 1327 2388 statim
1359 2339 1578 2388 nostrae
1618 2336 1754 2405 legis
1797 2355 1881 2388 ex-

205 2409 497 2478 positione,
537 2409 874 2476 recitatione,
921 2410 1333 2462 conlaudatione
1375 2414 1601 2461 utemur.
1678 2408 1882 2462 Deinde

206 2482 508 2535 contrariae
556 2482 692 2551 legis
743 2483 1091 2535 enodabimus
1139 2485 1477 2536 voluntatem
1519 2487 1571 2535 et
1612 2501 1729 2535 eam
1775 2487 1883 2536 tra·

205 2555 395 2608 hemus
431 2556 497 2608 ad
527 2559 746 2608 nostrae
780 2575 971 2609 causae
1005 2558 1358 2609 commodum.
1422 2556 1626 2609 Deinde
1660 2557 1722 2609 de
1754 2558 1880 2609 iuri-

207 2630 385 2682 diciali
426 2630 677 2682 absoluta
710 2648 979 2683 sumemus
1014 2631 1279 2683 rationem
1310 2631 1442 2682 iuris
1476 2634 1529 2683 et
1562 2650 1878 2699 quaeremus

140 2716 181 2750 35
204 2708 386 2772 partes
434 2703 588 2769 111113,
634 2707 758 2756 utra
806 2723 924 2757 cum
971 2709 1126 2773 parte
1165 2705 1389 2772 faciant3
1439 2704 1501 2756 de
1550 2724 1655 2773 qua
1705 2707 1879 2775 [parte

203 2778 358 2842 iuris]
384 2777 652 2846 posterius
679 2777 1015 2830 disseremus
1064 2776 1119 2829 Si
1138 2779 1452 2848 ambiguum
1478 2797 1594 2831 esse
1620 2780 1880 2848 scriptum

203 2851 503 2920 putabitur,
556 2851 696 2919 quod
743 2851 799 2903 in
846 2853 975 2904 duas
1025 2855 1117 2904 aut
1163 2852 1343 2921 plures
1394 2854 1687 2905 sententias
1735 2854 1880 2905 trahi

1921 1616 1975 1655 15

1903 2752 1963 2802 11

1916 2826 1966 2864 16
