2075 3235
0 123 17 157 ’1
197 123 278 162 101
440 79 452 90 ⁴
546 118 726 162 LIBER
757 118 812 163 II.
871 117 998 162 CAP.
1032 122 1220 161 41-42.
1283 122 1307 170 ξ
1342 123 1585 162 118—124.
1767 119 1870 169 217

197 238 456 306 scriptum
497 238 587 304 sit,
636 237 996 305 quaerendum
1036 240 1136 301 est,
1189 240 1271 299 ut,
1312 236 1439 304 quid
1479 255 1598 288 eum
1638 237 1873 289 voluisse

194 311 251 363 in
283 311 542 362 eiusmodi
574 314 813 378 tempore
847 311 959 362 veri
992 310 1166 361 simile
1201 310 1286 376 sit,
1318 310 1684 379 intellegatur.
1742 309 1873 362 Post

195 402 258 436 ex
305 383 705 435 deliberationis
752 384 1021 451 partibus,
1078 383 1205 450 quid
1260 383 1444 434 utilius
1501 386 1554 434 et
1609 383 1735 451 quid
1781 384 1873 436 ho-

193 458 398 508 nestius
447 460 500 508 et
545 457 628 508 illi
676 457 742 508 ad
789 455 1126 509 scribendum
1175 459 1228 507 et
1272 456 1357 507 his
1407 456 1473 507 ad
1521 457 1872 524 comproban-

151 544 172 576 5
197 529 321 581 dum
362 530 455 596 sit,
495 530 991 595 demonstrandum,
1039 532 1092 580 et
1132 547 1194 580 ex
1235 529 1342 595 his,
1396 529 1441 580 si
1483 529 1608 597 quid
1649 531 1873 598 amplifi-

195 603 421 657 cationis
463 603 692 671 dabitur,
732 602 1103 655 communibus
1137 603 1404 670 utrimque
1437 603 1569 655 locis
1601 604 1680 654 uti
1721 621 1873 672 opor-

193 676 345 728 tebit.

340 748 422 800 Ex
478 750 677 817 scripto
743 752 796 800 et
857 749 1122 800 sententia
1184 749 1551 801 controversia
1612 749 1874 815 consistit,
1892 751 1963 802 42

197 841 318 874 011111
358 823 496 874 alter
535 822 713 874 verbis
745 822 893 889 ipsis,
934 840 1069 889 quae
1103 823 1304 890 scripta
1336 827 1475 888 sunt,
1514 823 1698 888 utitur,
1738 824 1874 874 alter

134 911 172 941 10
196 896 262 947 ad
296 895 366 962 id,
406 895 546 964 quod
586 897 903 963 scriptorem
940 896 1168 948 sensisse
1202 895 1355 960 dicet,
1388 913 1600 947 omnem
1634 896 1875 964 adiungit

196 969 500 1021 dictionem.
570 967 859 1036 Scriptoris
901 972 1080 1020 autem
1115 969 1381 1020 sententia
1414 970 1482 1020 ab
1517 987 1592 1036 eo,
1634 970 1724 1037 qui
1764 988 1963 1028 sen-122

194 1043 367 1094 tentia
415 1060 471 1094 se
518 1042 785 1109 defendet,
833 1046 947 1093 tum
996 1060 1205 1111 semper
1253 1043 1319 1094 ad
1358 1042 1499 1093 idem
1541 1049 1782 1111 spectare
1823 1048 1876 1095 et

195 1116 335 1168 idem
359 1116 497 1168 velle
531 1116 1005 1181 demonstrabitur3
1037 1120 1154 1167 tum
1188 1134 1250 1167 ex
1281 1116 1426 1168 facto
1461 1119 1555 1168 aut
1588 1134 1649 1167 ex
1683 1120 1875 1168 eventu

196 1190 377 1257 aliquo
418 1190 485 1241 ad
523 1193 734 1258 tempus
775 1190 851 1256 id,
892 1190 1033 1257 quod
1071 1189 1325 1255 instituit,
1366 1189 1875 1242 adcommodabitur.

129 1278 169 1309 15
196 1261 416 1332 Semper
463 1262 530 1316 ad
576 1263 715 1314 idem
773 1269 1036 1331 spectare,
1091 1263 1191 1315 hoo
1239 1263 1420 1315 modo:
1475 1262 1875 1315 Paterfamilias

196 1355 315 1389 eum
355 1337 646 1388 liberorum
685 1336 909 1388 haberet
948 1336 1107 1403 nihil,
1156 1355 1375 1388 uxorem
1417 1339 1598 1388 autem
1638 1337 1877 1403 haberet,

194 1410 251 1461 in
296 1413 618 1462 testamento
666 1409 743 1461 ita
798 1409 1036 1477 scripsit:
1086 1424 1136 1462 SI
1187 1425 1318 1461 mm
1374 1425 1564 1462 FILIUS
1621 1424 1877 1462 GENITUR

195 1497 343 1536 umis
390 1497 706 1550 PLURESVE,
753 1497 803 1536 Is
851 1498 980 1534 MIHI
1026 1498 1210 1536 HEREs
1252 1497 1413 1536 Esro.
1489 1483 1694 1536 Deinde
1744 1503 1876 1552 quae

196 1557 388 1610 solent.
471 1556 691 1608 Postea:
741 1571 792 1609 SI
839 1571 1026 1609 FILIUS
1075 1572 1229 1609 ANTE
1276 1572 1557 1622 MORITUR,
1606 1573 1767 1620 QUAM
1814 1573 1876 1609 IN

128 1644 171 1676 20
196 1645 468 1682 TUTELAM
502 1645 654 1683 SVAM
685 1645 955 1697 VENERIT,
997 1645 1117 1682 TUM
1153 1645 1285 1682 MIHI
1325 1646 1457 1682 ILLE
1496 1646 1679 1684 HERES
1717 1646 1877 1684 ESTO.

193 1702 363 1755 Filius
402 1708 560 1756 natus
599 1722 710 1756 non
749 1713 842 1756 est.
919 1704 1223 1774 Ambigunt
1263 1704 1452 1772 agnati
1491 1723 1612 1757 oum
1652 1723 1736 1771 eo,
1787 1706 1878 1773 qui

196 1781 279 1829 est
311 1777 481 1845 heres,
523 1778 568 1829 si
599 1778 742 1829 filius
777 1780 915 1847 ante,
952 1796 1112 1846 quam
1144 1778 1200 1829 in
1234 1796 1386 1829 suam
1418 1779 1646 1830 tutelam
1679 1779 1877 1844 veniat,

193 1854 438 1904 mortuus
479 1852 564 1903 sit.
640 1850 702 1903 In
748 1851 849 1902 hoo
891 1868 1084 1920 genere
1122 1870 1229 1904 non
1268 1855 1451 1919 potest
1489 1852 1590 1904 hoe
1639 1852 1763 1919 dici,
1813 1853 1967 1908 ads->3

193 1928 407 1993 tempus
456 1928 509 1976 et
549 1925 616 1976 ad
663 1928 910 1976 eventum
963 1926 1196 1993 aliquem
1237 1925 1558 1977 sententiam
1599 1926 1878 1994 scriptoris

127 2011 170 2043 25
197 2002 446 2067 oportere
495 1998 917 2065 adcommodari,
963 2002 1250 2068 propterea
1298 1999 1440 2067 quod
1488 2017 1550 2051 ea
1597 2000 1715 2051 sola
1763 2018 1878 2051 esse

196 2072 619 2139 demonstratur,
675 2091 781 2141 qua
833 2072 1001 2124 fretus
1057 2073 1176 2140 ille,
1232 2075 1323 2140 qui
1377 2075 1564 2125 eontra
1618 2074 1879 2142 scriptum

196 2146 347 2212 dicit,
395 2164 548 2198 suam
596 2164 710 2197 esse
756 2146 1111 2198 hereditatem
1166 2146 1416 2199 defendit.
1493 2146 1659 2199 Aliud
1698 2150 1878 2198 autem

197 2237 366 2289 genus
400 2222 482 2271 est
515 2237 714 2287 eorum,
755 2220 845 2288 qui
879 2221 1201 2272 sententiam
1233 2220 1506 2287 inducunt,
1545 2221 1601 2272 in
1635 2239 1737 2288 quo
1770 2239 1877 2272 non

196 2293 445 2361 simplex,
471 2293 722 2345 voluntas
764 2294 1041 2361 scriptoris
1083 2294 1404 2360 ostenditur,
1452 2312 1586 2362 quae
1625 2294 1682 2344 in
1722 2312 1877 2346 omne

128 2379 170 2412 30
195 2370 407 2436 tempus
455 2370 509 2419 et
554 2367 610 2418 in
657 2385 812 2419 omne
851 2367 1054 2419 factum
1093 2368 1234 2419 idem
1273 2369 1469 2435 valeat3
1518 2367 1610 2420 sed
1650 2386 1713 2418 ex
1753 2386 1879 2436 quo—

196 2440 319 2492 dam
358 2439 502 2492 facto
541 2443 634 2492 aut
666 2443 859 2492 eventu
892 2441 959 2493 ad
990 2445 1203 2510 tempus
1235 2441 1639 2510 interpretanda
1672 2441 1877 2493 dieitur.

192 2513 276 2566 Ea
323 2514 569 2582 partibus
617 2514 927 2566 iuridicialis
969 2515 1340 2583 adsumptivae
1381 2515 1611 2566 maxime
1652 2516 1878 2567 sustine-

194 2591 297 2640 tur.
375 2586 518 2640 Nam
569 2590 684 2638 tum
723 2588 994 2640 inducitur
1042 2589 1397 2656 comparat-io,
1443 2591 1504 2639 ut
1542 2589 1598 2639 in
1639 2607 1723 2655 eo,
1773 2589 1878 2656 qui,

196 2679 314 2714 cum
357 2661 443 2713 lex
484 2661 680 2730 aperiri
719 2665 901 2730 portas
941 2666 1102 2714 noc-tu
1143 2666 1363 2728 vetaret,
1404 2663 1613 2730 aperuit
1646 2662 1877 2731 quodam

127 2735 249 2787 35in
297 2735 439 2786 bello
491 2739 545 2786 et
592 2735 790 2786 auxilio
839 2735 1099 2803 quosdam
1147 2736 1204 2787 in
1245 2735 1503 2804 oppidum
1540 2736 1763 2805 recepit,
1810 2753 1878 2787 ne

196 2809 264 2861 ab
297 2808 549 2862 hostibus
583 2809 1026 2877 opprimerentur,
1064 2809 1108 2860 si
1138 2808 1271 2861 foris
1305 2813 1497 2876 essent,
1536 2809 1678 2879 quod
1709 2827 1876 2878 prope

194 2900 376 2935 muros
425 2882 608 2934 hostes
658 2885 837 2934 eastra
883 2881 1167 2950 haberent,
1217 2886 1332 2934 tum
1379 2883 1573 2935 relatio
1623 2882 1966 2950 oriminiS,1·24
