2080 3204
479 135 660 179 LIBER
689 137 721 180 Ι.
789 136 913 180 ΟΑΡ.
951 142 1135 181 12-13.
1199 142 1223 190 ξ
1259 141 1440 181 19-234
1732 137 1795 187 11

112 257 329 310 1101111110
382 255 584 308 factum
636 257 951 324 appelletur.
1020 256 1102 308 Ea
1142 259 1224 308 est
1270 256 1599 308 huiusmodi:
1663 255 1797 309 Cum

113 331 170 382 L.
212 328 531 381 Saturninus
573 330 751 398 legem
805 330 1218 382 frumentariam
1275 329 1337 381 de
1391 329 1703 381 semissibus
1745 334 1798 382 et

114 403 404 456 trientibus
453 403 663 453 laturus
713 406 875 470 esset,
924 402 982 463 Q.
1031 402 1251 471 Caepi0‚
1300 403 1391 471 qui
1437 421 1532 471 per
1572 403 1626 453 id
1665 406 1798 455 tem-

112 476 259 545 poris
301 478 556 543 quaestor
594 476 832 527 urbanus
867 479 996 543 erat,
1037 476 1216 528 docuit
1249 478 1495 528 senatum
1528 476 1795 528 aerarium

69 563 90 596 5
112 548 229 618 pati
265 567 375 600 non
413 567 571 617 posse
610 552 824 600 tantam
863 549 1224 618 largitionem.
1281 547 1509 600 Senatus
1551 549 1799 616 decrevit,

114 623 160 674 si
198 639 317 674 eam
356 623 534 691 legem
575 622 641 673 ad
678 622 938 691 populum
977 622 1133 690 ferat,
1174 622 1428 674 adversus
1467 641 1581 674 rem
1626 623 1800 690 publi-

113 714 229 748 cam
262 695 433 747 videri
465 713 526 747 ea
557 695 748 747 facere.
805 693 1125 747 Saturninus
1165 696 1302 747 ferre
1347 695 1586 764 [coepit],
1627 696 1799 748 conle-

115 787 214 839 gae
264 768 606 821 intercedere.
685 768 786 819 Ille
837 768 1009 819 nihilo
1066 768 1242 819 minus
1302 769 1538 820 sitellam
1591 769 1798 820 detulit.

115 842 335 911 Caepio,
388 845 449 894 ut
517 841 673 892 illum
746 843 978 906 [contra]
1034 841 1488 893 intercedentibus
1544 842 1800 911 conlegiS,

49 929 91 961 10
115 916 368 968 adversus
416 933 530 967 rem
577 914 849 982 publicam
896 913 1033 966 vidit
1079 914 1242 982 ferre,
1295 933 1414 966 011111
1460 914 1591 966 viris
1642 915 1797 967 bonis

112 989 375 1057 impetum
421 988 573 1056 facit,
621 991 813 1056 pontes
856 988 1148 1055 disturbat
1201 957 1362 1040 cistas
1405 988 1585 1056 deicit,
1634 988 1799 1056 impe-

114 1062 351 1114 dimento
409 1065 512 1128 est,
573 1079 677 1130 quo
735 1061 900 1113 setius
957 1030 1185 1112 ferat-ui:
1251 1061 1538 1113 arcessitur
1600 1060 1797 1129 Caepio

113 1135 432 1189 maiestatis».
458 1134 813 1201 [Constitutio
854 1135 1101 1203 legitima
1141 1153 1204 1185 ex
1245 1134 1566 1187 definitione.
1629 1134 1799 1187 Voca-

113 1210 302 1261 bulum
336 1209 478 1261 enim
519 1208 770 1260 definitur
809 1208 1003 1276 ipsum,
1044 1227 1164 1260 cum
1204 1208 1494 1275 quaeritur,
1535 1208 1662 1275 quid
1700 1208 1799 1259 im-

49 1296 89 1327 15
113 1282 366 1335 minuerit
419 1282 794 1346 maiestatem]
873 1281 957 1332 Ex
1010 1282 1368 1333 translatione
1425 1281 1794 1334 controversia
1827 1285 1881 1323 22

113 1356 366 1423 nascitur,
398 1374 518 1408 cum
552 1358 645 1407 aut
676 1358 889 1422 tempus
924 1355 1272 1406 differendum
1307 1357 1399 1406 aut
1433 1357 1798 1407 accusatorem

114 1429 432 1482 mutandum
473 1432 566 1480 aut
598 1428 797 1480 iudices
831 1428 1116 1480 mutandos
1150 1446 1270 1479 reus
1306 1427 1446 1480 dicit.
1497 1428 1614 1480 Hac
1645 1430 1798 1496 parte

114 1503 517 1555 constitutionis
568 1500 758 1554 Graeci
806 1502 862 1553 in
908 1501 1140 1568 iudiciiS,
1186 1519 1284 1553 nos
1333 1501 1390 1552 in
1443 1501 1557 1552 iure
1607 1501 1797 1567 [civili]

114 1577 429 1645 plerumque
468 1575 685 1643 utimur,
729 1573 803 1645 [in
842 1575 942 1627 1130
982 1578 1135 1642 parte
1173 1593 1273 1627 nos
1313 1574 1444 1626 iuris
1486 1574 1658 1626 civilis
1701 1575 1794 1626 sci-

49 1662 92 1694 20
117 1650 261 1701 entia
316 1649 561 1716 iuvabit,]
617 1649 674 1699 in
726 1648 934 1700 iudiciis
990 1651 1173 1700 tamen
1225 1648 1471 1700 nonnihil
1529 1648 1796 1714 [utimur,]

115 1727 176 1774 ut
214 1723 316 1774 1100
355 1722 537 1774 modo:
580 1721 637 1773 Si
677 1722 793 1789 quis
834 1722 1112 1789 peculatus
1155 1725 1447 1788 accusatur,
1489 1721 1630 1789 quod
1669 1739 1800 1773 vasa

117 1799 375 1864 argentea
421 1795 639 1864 publica
687 1795 749 1846 de
798 1795 915 1846 loco
971 1795 1184 1863 privato
1241 1795 1448 1847 dicatur
1504 1794 1799 1862 sustulisse,

116 1869 291 1938 possit
324 1869 512 1936 dicere,
545 1887 665 1920 cum
699 1868 1006 1920 definitione
1041 1868 1110 1919 sit
1142 1886 1284 1936 118118,
1318 1867 1444 1936 quid
1477 1867 1548 1918 sit
1578 1867 1799 1935 furtum,

117 1942 245 2010 quid
283 1942 584 2011 peculatUS,
634 1960 811 1994 secum
850 1941 985 1992 furti
1024 1941 1134 2009 agi,
1180 1959 1289 1993 non
1328 1941 1606 2010 peculatus
1649 1959 1800 2010 opor-

51 2028 93 2060 25
117 2019 246 2068 tere.
322 2015 470 2067 Haec
524 2015 749 2083 partitio
812 2015 1090 2084 legitimae
1146 2014 1548 2066 constitutionis
1603 2014 1688 2065 his
1736 2014 1798 2066 de

118 2089 292 2141 causis
332 2107 455 2140 raro
489 2088 637 2140 venit
668 2089 725 2139 in
756 2088 1032 2156 iudicium,
1075 2088 1215 2156 quod
1254 2088 1312 2139 in
1343 2088 1557 2155 privata
1591 2087 1800 2139 actione

117 2162 420 2231 praetoriae
473 2162 810 2229 exceptiones
864 2165 988 2213 sunt
1036 2164 1089 2213 et
1136 2180 1297 2213 causa
1344 2161 1487 2213 cadit
1535 2162 1624 2228 qui
1675 2161 1800 2230 egit,

117 2236 223 2287 nisi
261 2235 453 2286 habuit
494 2235 781 2302 actionem,
823 2238 875 2286 et
914 2235 972 2286 in
1010 2235 1240 2303 publicis
1283 2235 1686 2302 quaestionibus
1721 2252 1800 2285 ca-

118 2312 272 2360 vetur
312 2308 539 2377 legibus,
578 2311 639 2360 ut
679 2311 817 2375 ante,
858 2308 905 2359 si
935 2327 1025 2360 reo
1059 2309 1397 2360 commodum
1432 2308 1514 2375 sit,
1547 2307 1800 2359 iudicium

53 2394 97 2426 30
121 2382 184 2433 de
234 2385 544 2433 accusatore
591 2381 710 2445 fiat,
758 2385 939 2433 utrum
987 2382 1070 2432 illi
1117 2382 1278 2433 liceat
1326 2399 1574 2433 accusare
1621 2397 1800 2434 necne.

119 2454 204 2506 Ex
227 2454 637 2506 ratiocinatione
656 2455 1020 2506 controversia
1046 2457 1275 2522 constat,
1293 2473 1412 2506 cum
1437 2472 1521 2505 res
1548 2453 1661 2504 sine
1684 2471 1801 2520 pro-

120 2528 240 2597 pria
272 2529 391 2597 lege
416 2527 566 2579 venit
589 2527 644 2578 111
669 2527 937 2595 iudicium,
965 2546 1099 2596 quae
1123 2531 1307 2589 tamen
1333 2528 1399 2579 ab
1435 2527 1554 2578 aliis
1587 2527 1800 2596 legibus

122 2601 470 2652 similitudine
534 2600 763 2667 quadam
828 2604 1131 2669 occupatur.
1207 2600 1289 2652 Ea
1345 2603 1427 2651 est
1480 2600 1802 2654 huiusmodi.

120 2674 251 2726 Lex:
308 2689 357 2727 s1
410 2688 690 2726 ruinosus
744 2688 926 2741 Esc1r,
981 2688 1305 2725 ADGNATUM
1365 2687 1802 2736 GENTILIUMQUE

54 2758 96 2791 35
121 2762 182 2799 IN
222 2762 291 2799 Eo
332 2761 702 2809 PECUNIAQL'E
742 2762 868 2800 Ems
909 2761 1194 2800 POTESTAS
1228 2761 1389 2799 Esro.
1431 2746 1525 2812 [Et
1565 2748 1671 2798 lex:
1706 2762 1803 2809 QUI

119 2835 438 2871 PARENTEM
464 2834 714 2872 NECASSE
749 2834 1053 2872 IUDICATUS
1079 2835 1227 2886 ERIT,
1259 2835 1335 2872 UT
1370 2834 1420 2872 IS
1456 2834 1801 2873 OBVOLUTUS

119 2907 191 2944 ET
241 2907 560 2946 OBLIGATUS
610 2906 784 2946 CORIO
833 2908 1191 2945 DEVEHATUR
1230 2908 1291 2944 IN
1330 2895 1799 2958 PROFLUENTEM]

1824 2425 1887 2475 13

1834 2500 1888 2538 23
