2075 3235
267 80 373 133 202
859 78 937 122 DE
970 78 1304 122 INVENTION
1309 78 1345 121 E
1875 85 1931 125 36

269 199 467 253 occidi?
554 197 806 260 Quaestio
857 202 957 250 est:
1008 197 1198 249 Iurene
1254 197 1539 250 occiderit?
1623 197 1785 250 Ratio
1832 201 1935 251 est:

268 273 390 325 ‘Illa
430 272 570 324 enim
608 272 847 324 hostium
887 273 1115 323 mortem
1155 270 1391 339 lugebat,
1429 270 1658 323 fratrum
1689 271 1935 341 neglege-

267 347 384 413 bat3
431 364 515 398 me
564 348 616 396 et
662 344 922 412 populum
961 343 1265 394 Romanum
1310 343 1501 395 vicisse
1541 344 1769 396 moleste
1805 344 1936 396 fere-

266 419 396 472 bat?
474 417 770 470 Infirmatio
827 419 927 467 est:
985 415 1210 468 ‘Tamen
1263 434 1295 468 a
1346 415 1513 469 fratre
1565 417 1936 469 indamnatam

267 492 445 544 necari
469 509 579 543 non
603 488 874 558 oportuit.'
913 488 998 541 Ex
1023 507 1125 556 quo
1149 489 1402 542 iudicatio
1427 489 1511 541 fit:
1547 488 1683 542 Cum
1704 484 1936 542 Horatia
1981 503 2001 537 5

267 566 497 617 fratrum
545 566 775 614 mortem
823 563 1155 632 neglegeret,
1199 562 1438 614 hostium
1476 563 1706 632 lugeret,
1750 563 1935 615 fratris

270 642 322 690 et
361 637 546 705 populi
585 635 815 688 Romani
853 636 1079 687 victoria
1116 653 1224 687 non
1263 636 1534 704 gauderet,
1572 636 1936 704 oportueritne

181 713 246 764 27
270 729 386 763 eam
434 728 465 761 a
515 709 682 761 fratre
732 709 1103 760 indamnatam
1153 709 1367 761 necari?
1451 707 1569 762 Hoc
1630 710 1686 761 in
1744 727 1937 779 genere

269 801 459 836 causae
506 783 763 851 primum,
811 783 856 833 si
902 782 1029 850 quid
1080 800 1141 834 ex
1188 782 1376 834 ceteris
1425 782 1638 834 dabitur
1683 782 1938 835 constitu-

267 857 520 923 tionibus,
560 856 698 907 sumi
738 856 1025 923 oportebit,
1065 855 1221 908 sicuti
1260 855 1316 906 in
1354 855 1753 923 comparatione
1791 873 1938 924 prae·
1964 870 2005 902 10
2072 893 2075 911 .=

269 933 483 999 ceptum
524 932 626 996 est3
675 933 876 997 postea,
917 929 962 980 si
1002 947 1106 997 qua
1143 928 1372 981 facultas
1415 929 1530 992 erit,
1570 947 1666 998 per
1705 929 1938 997 aliquam

270 1002 706 1056 constitutionem
760 1003 937 1069 illum,
991 1003 1049 1053 in
1103 1020 1260 1070 quem
1315 1001 1514 1054 crimen
1572 1002 1939 1070 transferetur,

183 1080 238 1120 80
273 1076 573 1144 defendere3
622 1075 831 1143 deinde,
870 1076 1040 1127 levius
1081 1093 1195 1127 esse
1234 1075 1390 1142 illud,
1437 1075 1578 1144 quod
1615 1075 1671 1127 in
1709 1075 1939 1128 alterum

270 1153 546 1219 peccatum
586 1167 707 1201 reus
747 1149 1051 1217 transferat,
1092 1167 1252 1217 quam
1293 1148 1433 1217 quod
1471 1149 1586 1217 ipse
1627 1149 1940 1217 susceperit3

270 1227 458 1292 postea
502 1222 875 1274 translationis
923 1222 1166 1290 partibus
1206 1222 1287 1274 uti
1327 1226 1379 1274 et
1419 1222 1717 1291 ostendere,
1764 1241 1796 1275 a
1835 1239 1939 1291 quo
1965 1235 2006 1269 15
2071 1262 2075 1291 3

273 1301 326 1348 et
363 1315 459 1365 per
498 1315 629 1364 quos
671 1299 724 1347 et
764 1314 867 1364 quo
908 1296 1064 1348 modo
1106 1298 1159 1347 et
1191 1313 1294 1364 quo
1327 1298 1568 1364 tempore
1602 1298 1694 1348 aut
1726 1295 1817 1364 agi
1848 1298 1940 1348 aut

274 1369 497 1422 iudicari
530 1374 623 1421 aut
656 1369 821 1421 statui
854 1369 916 1420 de
950 1387 1011 1420 ea
1043 1387 1099 1421 re
1124 1369 1454 1437 convenerit,
1495 1387 1555 1422 ac
1581 1369 1740 1421 simul
1766 1372 1942 1421 osten-

274 1444 395 1495 ‹lere
434 1461 543 1495 non
583 1443 883 1511 oportuisse
924 1446 1047 1494 ante
1087 1442 1427 1510 supplicium,
1476 1461 1635 1510 quam
1674 1442 1942 1510 iudicium,

272 1517 627 1583 interponere.
703 1516 840 1567 Tum
893 1516 1040 1585 leges
1097 1533 1303 1584 quoque
1365 1518 1418 1567 et
1479 1516 1673 1568 iudicia
1733 1516 1942 1568 demon-

275 1589 494 1642 stranda
542 1591 687 1656 sunt,
738 1607 833 1657 per
879 1607 1013 1657 quae
1063 1589 1300 1657 potuerit
1348 1588 1403 1639 id
1452 1592 1750 1657 peccatum,
1802 1588 1943 1657 quod
1966 1603 2010 1635 20
2071 1629 2075 1660 5

275 1665 465 1732 sponte
514 1680 610 1714 sua
655 1680 776 1714 reus
824 1662 1042 1730 punitus
1093 1662 1184 1728 sit,
1231 1661 1469 1713 moribus
1510 1665 1564 1714 et
1601 1662 1794 1714 iudicio
1831 1662 1944 1714 vin-

275 1736 453 1789 dicari.
530 1735 735 1787 Deinde
789 1753 988 1804 negare
1043 1735 1224 1787 audire
1278 1738 1524 1803 oportere
1572 1735 1648 1803 id,
1699 1735 1838 1804 quod
1888 1735 1943 1787 in

276 1828 397 1862 eum
436 1809 674 1862 criminis
715 1809 1034 1876 conferatur,
1075 1808 1137 1860 de
1178 1827 1282 1877 quo
1321 1810 1366 1860 is
1398 1809 1527 1876 ipse,
1567 1809 1659 1877 qui
1690 1808 1943 1877 conferat,

275 1883 529 1935 iudicium
569 1882 685 1933 fieri
723 1883 972 1950 noluerit,
1011 1885 1065 1934 et
1104 1882 1172 1950 id,
1214 1882 1354 1950 quod
1391 1882 1686 1934 iudicatum
1717 1901 1826 1935 non
1857 1883 1944 1950 sit,

189 1972 242 2013 81
276 1975 371 2024 pro
411 1956 608 2008 infecto
649 1956 847 2007 habere
888 1958 1156 2023 oportere,
1201 1958 1389 2023 postea
1433 1955 1821 2024 impudentiam
1861 1956 1944 2008 dc·
1967 1970 2009 2003 25

277 2034 576 2082 monstrare
617 2047 816 2095 eorum,
856 2030 946 2097 qui
979 2048 1098 2081 eum
1129 2047 1268 2081 nunc
1293 2029 1435 2097 apud
1458 2029 1655 2082 iudices
1680 2033 1943 2098 accusent,

278 2121 436 2171 quem
476 2103 589 2154 sine
628 2102 890 2154 iudicibus
930 2103 1035 2170 ipsi
1074 2102 1492 2170 condemnarint,
1532 2106 1586 2154 et
1625 2102 1687 2155 de
1720 2121 1781 2156 eo
1812 2102 1943 2155 iudi-

278 2177 417 2228 cium
455 2175 673 2243 faciant,
714 2175 776 2226 de
818 2194 920 2243 quo
961 2176 1068 2228 iam
1100 2176 1206 2244 ipsi
1239 2175 1561 2244 supplicium
1594 2176 1943 2244 sumpserint:

279 2251 511 2318 [postea]
559 2249 1018 2317 perturbationem
1062 2249 1242 2301 iudicii
1287 2249 1523 2302 futuram
1571 2249 1849 2315 [dicemus]
1890 2253 1944 2302 et

277 2323 475 2375 iudices
502 2322 732 2391 longiUS,
753 2341 911 2390 quam
933 2325 1260 2390 potestatem
1277 2322 1526 2390 habeant,
1548 2341 1943 2393 progressurOS,
1967 2336 2011 2370 30

280 2397 325 2448 si
351 2396 510 2448 simul
536 2399 589 2447 et
614 2395 677 2448 de
701 2414 791 2448 reo
817 2399 870 2447 et
897 2396 958 2447 de
985 2414 1060 2463 e0,
1087 2414 1244 2465 quem
1268 2414 1389 2448 reus
1416 2400 1624 2466 arguat,
1639 2396 1945 2464 iudicarint3

280 2470 479 2537 deinde,
498 2469 543 2521 si
561 2469 664 2522 hoc
681 2470 1034 2521 constitutum
1053 2469 1137 2537 sit,
1155 2473 1214 2521 ut
1225 2472 1445 2538 peccata
1456 2470 1699 2522 homines
1711 2469 1944 2538 peccatis

281 2546 334 2595 et
355 2543 578 2594 iniurias
604 2543 814 2594 iniuriis
839 2542 1178 2610 ulciscantur,
1204 2547 1463 2611 quantum
1486 2543 1944 2596 incommodorum

280 2619 657 2684 consequatur3
698 2634 758 2668 ac
798 2616 843 2668 si
881 2615 1021 2667 idem
1059 2617 1231 2668 facere
1264 2616 1393 2685 ipse,
1426 2616 1517 2685 qui
1547 2635 1688 2669 nunc
1720 2619 1944 2684 accuset,

279 2690 560 2758 voluisset,
605 2707 671 2741 ne
718 2689 819 2742 hoc
866 2689 1077 2758 quidem
1123 2686 1239 2758 ipso
1288 2690 1568 2758 quicquam
1608 2708 1740 2759 opus
1778 2688 1944 2741 fuisse
1967 2701 2010 2735 35

280 2762 496 2829 iudici03
545 2763 590 2814 si
639 2781 762 2814 vero
811 2763 973 2815 ceteri
1023 2781 1232 2831 quoque
1277 2763 1417 2815 idem
1456 2763 1680 2830 faciant,
1727 2762 1942 2815 omnino

193 2851 248 2892 82
280 2835 531 2888 iudicium
570 2836 778 2887 nullum
817 2836 1071 2888 futurum.
1139 2836 1335 2888 Postea
1374 2836 1840 2904 demonstrabitur,
1877 2853 1944 2888 ne
