2075 3235
147 791 199 828 14

237 138 343 190 126
819 136 899 180 DE
931 134 1313 179 INVENTIONE
1862 142 1917 180 10

232 258 339 327 ipsi
379 257 822 310 constitutionem
861 253 1176 306 intentionis
1219 271 1334 306 esse
1375 253 1762 324 depulsionem,
1802 255 1915 324 pla-

234 335 352 385 ceat
390 331 556 400 igitur
596 332 812 398 oportet
844 327 1356 379 demonstrationem
1390 332 1443 379 et
1475 327 1915 381 deliberationem

231 423 341 457 non
396 423 511 457 esse
568 401 1004 455 constitutionem
1065 418 1161 452 nec
1223 403 1434 469 partem
1498 401 1914 455 constitutionis

233 478 411 546 Atque
452 478 552 529 hoc
594 476 777 527 eodem
810 473 1141 543 urguebitur,
1183 473 1293 525 sive
1326 474 1770 527 constitutionem
1807 474 1916 544 pri-

234 570 378 603 mam
425 567 614 602 causae
663 547 991 600 accusatoris
1040 547 1502 599 confirmationem
1557 548 1749 600 dixerit
1804 548 1914 600 sive
1961 562 1981 595 5

234 624 528 676 defensoris
575 622 809 690 primam
866 621 1319 689 deprecationem3
1372 639 1500 672 nam
1555 639 1675 673 eum
1731 621 1915 673 eadem

234 697 413 750 omnia
450 695 792 747 incommoda
832 697 1132 762 sequentur.

379 768 585 821 Deinde
633 768 1005 821 coniecturalis
1053 786 1214 820 causa
1258 780 1368 819 non
1413 769 1596 836 potest
1644 768 1804 820 simul
1851 786 1915 819 ex

232 843 416 895 eadem
474 845 627 911 parte
681 841 866 894 eodem
919 841 977 893 in
1033 858 1226 910 genere
1277 845 1331 893 et
1378 841 1751 893 coniecturalis
1799 858 1915 893 esse

233 920 286 969 et
333 916 622 968 definitiva.
707 914 819 967 Nec
875 915 1147 967 definitiva
1201 932 1362 967 causa
1417 917 1599 982 potest
1646 914 1805 967 simul
1853 932 1916 966 ex
1941 929 1982 962 10

233 989 417 1042 eadem
472 992 626 1058 parte
683 989 868 1041 eodem
921 989 975 1040 in
1032 1006 1224 1057 genere
1276 992 1330 1040 et
1377 987 1651 1040 definitiva
1698 1005 1814 1040 esse
1862 991 1915 1039 et

231 1063 568 1115 translativa.
628 1062 702 1114 Et
732 1062 947 1115 omnino
980 1063 1129 1113 nulla
1161 1061 1476 1114 constitutio
1507 1079 1604 1124 nec
1635 1079 1761 1129 pars
1794 1078 1916 1114 con·

233 1137 531 1190 stitutionis
565 1139 746 1204 potest
778 1136 938 1187 simul
980 1139 1033 1187 et
1073 1154 1225 1187 suam
1263 1135 1462 1187 habere
1504 1138 1558 1187 et
1597 1134 1819 1187 alterius
1858 1133 1917 1186 in

236 1228 288 1263 se
322 1211 430 1262 vim
470 1211 763 1276 continere3
802 1209 921 1261 ideo
961 1208 1101 1277 quod
1133 1227 1239 1261 una
1279 1226 1519 1277 quaeque
1560 1226 1623 1260 ex
1663 1226 1719 1260 se
1760 1210 1814 1260 et
1853 1225 1916 1259 ex

235 1302 329 1336 sua
374 1286 569 1335 natura
616 1283 931 1351 simpliciter
977 1282 1367 1350 conside1·atur;
1419 1283 1590 1334 altera
1629 1280 1915 1350 adsumpta
1939 1295 1981 1328 15

231 1375 483 1409 numerus
525 1357 972 1409 constitutionum
1014 1356 1337 1423 duplicatur,
1382 1373 1492 1407 non
1530 1356 1613 1408 vis
1653 1355 1915 1408 constitu-

231 1431 394 1483 tionis
429 1434 669 1498 augetur.
739 1430 816 1481 At
850 1430 1203 1481 deliberativa
1236 1446 1396 1480 causa
1428 1429 1589 1480 simul
1629 1447 1693 1480 ex
1733 1428 1916 1480 eadem

230 1508 385 1572 parte
420 1505 605 1556 eodem
637 1503 692 1554 in
733 1521 925 1572 genere
967 1505 1020 1553 et
1060 1502 1473 1554 coniecturalem
1514 1505 1568 1553 et
1607 1502 1916 1571 generalem

233 1581 286 1628 et
333 1577 664 1628 definitivam
713 1581 765 1627 et
812 1576 1191 1627 translativam
1242 1576 1381 1627 solet
1419 1575 1617 1626 habere
1657 1575 1916 1627 constitu-

230 1650 433 1702 tionem
496 1654 548 1701 et
610 1668 771 1701 unam
836 1649 1073 1716 aliquam
1136 1652 1189 1700 et
1250 1648 1432 1717 plures
1493 1666 1914 1716 nonnumquam.
1938 1663 1981 1696 20

230 1723 377 1793 Ergo
431 1724 552 1792 ipsa
604 1741 775 1790 neque
831 1722 1146 1774 constitutio
1205 1725 1286 1773 est
1337 1739 1436 1774 nec
1481 1740 1608 1790 pars
1655 1721 1914 1774 constitu-

231 1797 410 1849 tionis.
473 1796 622 1848 Idem
654 1796 711 1847 in
744 1795 1202 1848 demonstratione
1244 1795 1383 1847 solet
1421 1814 1522 1847 usu
1561 1796 1758 1847 venire.
1815 1793 1914 1847 Ge-

231 1889 361 1923 nera
399 1870 589 1939 igitur,
635 1874 697 1921 ut
738 1873 859 1921 ante
901 1869 1143 1935 diximUS,
1181 1869 1313 1921 haec
1354 1887 1544 1921 causar
1674 1868 1916 1938 putanda

148 1948 209 1997 11
233 1947 382 2011 sunt,
428 1962 538 1996 non
585 1946 767 2012 partes
816 1942 1039 1995 alicuius
1088 1942 1488 1994 constitutionis
1587 1941 1734 1994 Haec
1785 1959 1914 2011 ergo

147 2478 198 2515 15

233 2017 564 2085 constitutio,
606 2035 767 2084 quam
807 2017 1112 2085 generalem
1151 2016 1503 2083 nominamUS,
1544 2018 1733 2085 ‘partes
1774 2015 1912 2067 vide·
1938 2030 1981 2062 25

231 2095 319 2142 tur
372 2091 530 2142 nobis
587 2090 717 2142 duas
773 2090 971 2142 habere
984 2131 998 2157 ,
1059 2089 1409 2141 iuridicialem
1466 2092 1520 2140 et
1570 2089 1914 2158 negotialem.

233 2164 556 2216 Iuridicialis
585 2167 679 2231 est,
712 2163 768 2214 in
793 2181 898 2231 qua
924 2163 1080 2231 aequi
1106 2166 1159 2214 et
1183 2163 1313 2215 recti
1338 2166 1534 2214 natura
1563 2166 1658 2215 aut
1687 2162 1916 2232 praemii

233 2241 327 2290 aut
373 2255 575 2306 poenae
624 2237 763 2288 ratio
813 2237 1110 2304 quaeritur,
1154 2236 1466 2304 negotialis,
1511 2237 1568 2287 in
1615 2254 1741 2304 qua,
1788 2235 1916 2304 quid

231 2312 361 2363 iuris
403 2329 465 2363 ex
506 2310 648 2362 civili
686 2327 834 2362 more
875 2314 929 2361 et
969 2309 1238 2377 aequitate
1277 2309 1364 2378 sit,
1404 2309 1791 2377 consideratur3
1831 2308 1915 2361 cui

234 2384 541 2452 diligentiae
605 2401 851 2453 praeesse
916 2383 1057 2452 apud
1111 2401 1208 2434 nos
1271 2383 1385 2435 iure
1448 2383 1680 2435 consulti
1735 2382 1914 2435 existi·
1938 2393 1981 2430 30

234 2462 462 2510 mantur.
538 2463 615 2510 Ac
652 2456 964 2509 iuridicialis
1007 2456 1219 2524 quidem
1262 2457 1401 2525 [ipsa
1441 2458 1517 2522 et]
1557 2456 1615 2508 in
1653 2456 1785 2509 duas
1821 2455 1914 2507 tri-

233 2532 414 2583 buitur
460 2535 664 2599 parteS,
713 2532 1015 2583 absolutam
1065 2533 1118 2581 et
1159 2530 1569 2598 adsumptivam.
1644 2529 1915 2582 Absoluta

236 2608 339 2671 est,
387 2623 521 2673 quae
569 2605 688 2673 ipsa
736 2606 790 2655 in
839 2622 894 2656 se
946 2603 1185 2655 continet
1223 2603 1354 2655 iuris
1395 2606 1449 2655 et
1487 2602 1716 2655 iniuriae
1756 2620 1913 2671 quae-

235 2679 484 2745 stionem,
535 2678 890 2746 adsumptiva,
939 2694 1072 2745 quae
1111 2676 1229 2745 ipsa
1270 2695 1333 2728 ex
1373 2694 1428 2728 se
1466 2676 1603 2728 nihil
1642 2676 1736 2728 dat
1771 2676 1914 2728 firmi

235 2751 300 2803 ad
347 2752 762 2819 recusationem,
808 2751 940 2804 foris
988 2753 1167 2802 autem
1216 2749 1419 2818 aliquid
1459 2748 1782 2802 defensionis
1822 2749 1912 2801 ad·
1936 2762 1980 2795 35

236 2824 412 2876 sumit.
488 2824 620 2876 Eius
660 2828 840 2892 partes
882 2827 1007 2876 sunt
1048 2826 1320 2891 quattuor,
1359 2822 1646 2891 concessio,
1685 2821 1911 2875 remotio

234 2897 494 2964 criminiS,
533 2898 725 2950 relatio
766 2897 1002 2950 criminis
1013 2939 1026 2965 ,
1067 2897 1412 2966 comparatio.
1490 2893 1777 2949 Concessio
1817 2899 1912 2963 est,
