2075 3235
0 2783 38 2827 133

226 115 279 155 35
584 109 761 153 LIBER
792 109 825 152 I.
888 108 1017 153 CAP.
1050 112 1238 152 33-34.
1295 112 1319 161 ξ
1351 113 1537 153 56--59,
1800 112 1902 162 151

227 231 493 298 dixerunt,
532 229 732 299 partim
771 247 881 282 non
919 229 1038 298 plus
1080 246 1242 296 quam
1280 228 1337 279 in
1375 231 1484 280 tres
1524 232 1706 297 partes
1746 249 1903 299 posse

227 304 476 356 distribui
521 306 863 372 putaverunt.
945 302 1150 354 Eorum
1209 302 1629 355 controversiam
1675 321 1783 355 non
1829 305 1905 356 in-

227 377 561 430 commodum
592 376 802 429 videtur
835 395 955 430 cum
986 379 1336 444 utrorumque
1374 375 1584 428 ratione
1626 394 1904 445 exponere.

226 450 366 503 Nam
407 454 461 503 et
498 450 676 503 brevis
719 454 800 502 est
839 453 893 502 et
931 468 1039 502 non
1080 449 1354 518 eiusmodi,
1393 452 1454 501 ut
1494 450 1653 501 alteri
1684 469 1904 519 prorsus

180 524 361 576 5nihil
409 524 582 577 dicere
630 527 910 593 putentur,
958 526 1011 575 et
1057 523 1206 575 locus
1252 523 1341 575 hic
1380 523 1537 575 nobis
1587 524 1643 575 in
1683 524 1902 577 dicendo

226 598 444 650 minime
483 598 846 668 neglegendus
887 596 1108 649 videtur.

373 671 476 734 Qui
535 675 728 740 putant
787 671 843 722 in
899 671 1130 739 quinque
1184 670 1350 722 tribui
1401 674 1584 739 partes
1640 673 1903 740 oportere,

226 745 376 798 aiunt
422 746 655 814 primum
696 745 976 798 convenire
1017 762 1279 813 exponere
1321 762 1584 797 summam
1626 763 1905 815 argumen-

224 820 470 888 tationiS,
518 820 585 872 ad
629 819 770 872 hunc
818 818 1055 871 modum:
1105 817 1318 870 ‘Melius
1368 818 1715 885 adcurantur,
1770 837 1904 888 quae

158 909 200 940 10
225 893 450 946 consilio
499 896 778 964 geruntur,
834 911 995 961 quam
1044 910 1178 960 quae
1234 891 1347 943 sine
1403 892 1628 944 consilio
1683 893 1904 944 admini-

225 970 480 1019 strantur.
542 967 695 1019 Hanc
735 966 965 1036 primam
1005 968 1217 1034 partem
1256 969 1564 1033 numerant,
1607 984 1722 1017 eam
1765 966 1905 1018 dein·

223 1058 345 1110 ceps
401 1041 700 1094 rationibus
755 1040 919 1093 variis
975 1043 1028 1092 et
1085 1058 1245 1108 quam
1293 1039 1677 1109 copiosissimis
1725 1040 1902 1092 verbis

224 1115 515 1183 approbari
568 1117 760 1184 putant
815 1117 1086 1183 oportere,
1140 1114 1241 1166 hoc
1297 1113 1480 1166 modo:
1544 1112 1768 1166 ‘Domus
1827 1133 1902 1183 ea,

223 1207 358 1256 quae
405 1188 614 1240 ratione
661 1188 892 1259 regitur,
949 1187 1196 1240 omnibus
1254 1191 1334 1239 est
1381 1187 1695 1240 instructior
1743 1188 1902 1240 rebus

153 1276 195 1309 15
221 1265 275 1314 et
314 1262 643 1331 apparatior,
683 1281 841 1330 quam
883 1280 958 1330 ea,
999 1279 1134 1331 quae
1174 1265 1374 1313 temere
1410 1265 1463 1313 et
1494 1262 1644 1314 nullo
1679 1262 1902 1315 consilio

221 1335 641 1388 administratur.
724 1335 1005 1388 Exercitus
1057 1335 1126 1403 is,
1178 1335 1262 1387 cui
1308 1336 1650 1405 praepositus
1699 1339 1778 1388 est
1826 1355 1904 1388 sa-

217 1409 371 1478 piens
419 1413 473 1462 et
518 1409 743 1462 callidus
790 1409 1108 1478 imperator,
1165 1409 1415 1461 omnibus
1471 1410 1717 1478 partibus
1767 1428 1904 1462 com·

217 1483 428 1536 modius
476 1483 705 1553 regitur,
752 1501 914 1551 quam
961 1483 1030 1552 is,
1079 1483 1170 1551 qui
1224 1483 1460 1535 stultitia
1501 1486 1554 1535 et
1599 1483 1904 1536 temeritate

220 1557 490 1623 [alicuius]
555 1557 978 1610 administratur.
1069 1556 1274 1609 Eadem
1335 1557 1540 1628 navigii
1601 1558 1740 1610 ratio
1807 1562 1904 1611 est.

150 1644 194 1678 20
217 1630 361 1684 Nam
406 1631 560 1684 navis
609 1631 810 1700 optime
851 1649 1064 1683 cursum
1104 1631 1318 1684 conficit
1358 1650 1440 1700 ea,
1489 1650 1625 1700 quae
1667 1632 1904 1685 scientis-

219 1705 355 1758 simo
413 1706 771 1776 gubernatore
825 1705 1030 1758 utitur?
1119 1704 1254 1758 Cum
1308 1706 1609 1774 propositio
1666 1709 1748 1758 est
1802 1706 1903 1759 1100

215 1782 375 1847 pacto
418 1780 719 1849 approbata
762 1782 815 1831 et
855 1779 989 1831 duae
1027 1783 1208 1848 partes
1247 1779 1581 1832 transierunt
1620 1780 1904 1832 ratiocina-

217 1854 404 1921 tioniS,
442 1853 606 1906 tertia
645 1854 702 1904 in
740 1857 892 1922 parte
934 1853 1109 1920 aiunt,
1151 1853 1293 1923 quod
1333 1854 1612 1906 ostendere
1653 1854 1785 1906 velis
1797 1897 1809 1922 ,
1848 1855 1903 1906 id

218 1946 282 1980 ex
334 1927 390 1979 vi
442 1927 829 1997 propositionis
885 1930 1132 1996 oportere
1195 1927 1493 1995 adsumere,
1556 1928 1657 1980 hoc
1719 1931 1902 1997 pacto:

150 2015 193 2048 25
220 2000 391 2054 ‘Nihil
424 2005 602 2054 autem
636 2003 875 2054 omnium
907 2020 1086 2054 rerum
1119 2001 1328 2070 meIiUS,
1361 2020 1522 2070 quam
1555 2001 1727 2054 omnis
1754 2021 1903 2054 mun-

205 2075 341 2144 dus,
396 2075 836 2128 administratur.9
914 2075 1088 2128 Huius
1147 2076 1540 2144 adsumptionis
1597 2079 1790 2145 quarto
1846 2077 1902 2129 in

215 2150 333 2202 1000
374 2149 539 2202 aliam
576 2167 738 2219 porro
778 2149 1039 2203 inducunt
1079 2150 1541 2219 approbationem,
1581 2150 1681 2203 1100
1719 2150 1901 2203 modo:

217 2223 378 2276 ‘Nam
418 2227 472 2275 et
511 2224 788 2294 signorum
828 2227 976 2277 ortus
1009 2227 1063 2277 et
1095 2224 1274 2276 obitus
1316 2223 1594 2276 definitum
1636 2224 1900 2292 quendam

219 2297 460 2350 ordinem
509 2301 725 2351 servant
764 2301 818 2351 et
858 2316 1065 2351 annuae
1107 2298 1553 2351 commutationes
1593 2316 1703 2350 non
1741 2298 1900 2351 modo

148 2384 191 2417 30
219 2371 450 2440 quadam
497 2390 561 2424 ex
606 2372 995 2425 necessitudine
1044 2390 1253 2442 semper
1305 2372 1490 2426 eodem
1542 2371 1698 2424 modo
1747 2372 1901 2441 fiunt,

216 2464 403 2499 verum
444 2445 510 2497 ad
548 2446 815 2499 utilitates
856 2465 1066 2515 quoque
1106 2465 1285 2499 rerum
1325 2446 1564 2499 omnium
1601 2445 1901 2499 adcommo-

218 2521 362 2588 date,
410 2523 464 2572 et
503 2519 721 2572 diurnae
760 2523 1160 2589 nocturnaeque
1199 2519 1595 2573 Vicissitudines
1634 2519 1772 2571 nulli
1809 2538 1902 2572 na·

217 2597 370 2646 turae
419 2611 653 2663 unquam
701 2597 940 2647 mutatae
988 2597 1274 2664 quicquam
1319 2592 1635 2646 nocuerunt'
1683 2595 1724 2661 [3
1765 2612 1900 2663 quae

218 2668 373 2738 signo
422 2671 548 2720 sunt
594 2668 773 2721 omnia
817 2686 927 2720 non
973 2668 1228 2721 mediocri
1276 2667 1506 2736 quodam
1546 2667 1769 2720 consilio
1809 2687 1901 2721 na-

147 2754 191 2788 35
216 2745 397 2794 turam
457 2741 643 2794 mundi
704 2741 1110 2808 administrari}
1203 2741 1402 2803 Quinto
1465 2741 1724 2794 inducunt
1779 2742 1897 2794 loco

217 2815 638 2886 complexionem
688 2834 827 2883 eam,
876 2834 1012 2884 quae
1059 2819 1152 2869 aut
1198 2816 1253 2868 id
1299 2815 1464 2867 infert
1512 2815 1708 2882 solum,
1757 2815 1899 2884 quod

216 2907 279 2942 ex
335 2889 582 2943 omnibus
636 2889 882 2959 partibus
939 2890 1175 2960 cogitur,
1236 2889 1340 2943 1100
1394 2889 1577 2943 111οᾰοε
1641 2888 1895 2942 ‘Consilio

1937 690 1991 730 58

1936 1725 1991 1764 59
