2080 3204
255 163 358 206 XIV
596 159 1016 206 MEMORABILIA
1046 158 1231 228 VITAE
1265 157 1580 203 CICERONIS

256 297 360 328 Anni
396 298 494 327 Ante

257 342 303 373 U.
324 340 360 372 C.
397 340 433 372 C.
451 340 505 371 Nl

1811 291 1927 389 111.
1849 242 1851 245 -

546 395 730 439 Clodius
756 395 812 438 de
841 394 937 438 eius
971 392 1130 436 exsilio
1163 391 1221 434 ad
1253 391 1476 447 populum
1506 391 1648 435 refert
1679 391 1771 435 edi-

546 456 762 508 ctumque
793 451 1031 516 proponit,
1072 450 1126 493 ut
1162 449 1233 492 illi
1276 463 1396 504 aqua
1427 452 1474 493 et
1504 449 1604 506 igni
1633 449 1773 494 inter—

547 512 773 556 diceretur
815 513 861 554 et
898 523 955 552 ne
986 508 1110 552 intra
1141 508 1478 563 quadringenta
1508 508 1640 552 milia
1668 522 1773 564 pas-

547 586 680 614 suum
705 571 746 613 61
771 569 931 612 liceret
963 581 1076 610 esse.
1130 567 1306 609 Deinde
1333 566 1562 610 Ciceronis
1588 567 1774 610 domum

455 681 459 684 .
545 630 595 672 in
633 628 832 681 Palatio,
881 626 993 669 item
1033 625 1194 668 villam
1233 625 1540 668 Tusculanam
1580 628 1627 669 et
1663 626 1775 669 For—

547 688 747 730 mianam
796 685 1022 739 incendit,
1067 683 1189 726 bona
1237 683 1435 739 diripit.1
1503 683 1659 727 Cicero
1698 683 1776 726 Vi—

547 747 728 797 bonem,
761 743 998 799 Thurium,
1030 743 1294 795 Tarentum,
1323 741 1617 785 Brundisium
1640 742 1775 798 petit,

549 805 594 847 et
632 803 684 845 X.
726 803 827 846 Kal.
867 802 963 845 Iun.
1011 801 1389 844 Thessalonicam
1433 800 1598 844 venit.²
1665 800 1776 844 Inde

548 876 650 905 cum
689 861 732 905 ei
775 874 879 917 spes
909 859 1084 904 reditus
1116 861 1241 902 facta
1273 862 1407 913 esset,
1440 859 1776 915 Dyrrhachium

547 921 669 964 redit
707 920 828 964 circa
867 919 939 962 VI.
980 919 1082 962 Kal.
1114 917 1220 961 Dec.
1256 918 1307 971 Q.
1347 918 1491 960 frater
1530 920 1636 961 ante
1673 918 1775 962 Kal.

547 979 694 1022 Maias
719 979 830 1021 Asia
860 977 1097 1034 provincia
1127 977 1338 1032 decessit,
1371 990 1509 1031 quam
1532 989 1614 1032 per
1635 976 1776 1020 trien-

547 1039 675 1081 nium
708 1037 985 1081 obtinuerat.

608 1097 824 1140 Cicerone
873 1095 1084 1150 expulso,
1134 1093 1319 1137 Clodius
1366 1094 1532 1160 legem·
1565 1093 1676 1136 tulit
1723 1092 1779 1137 de

548 1155 834 1207 Ptolemaeo,
881 1167 989 1210 rege
1029 1151 1188 1208 Cypri,
1235 1155 1287 1195 ut
1332 1152 1456 1195 bona
1495 1152 1589 1195 eius
1628 1151 1779 1207 publi-

549 1218 763 1257 carentur
802 1215 849 1256 et
888 1226 1081 1268 regnum
1112 1213 1162 1254 in
1192 1211 1455 1267 provinciae
1486 1210 1681 1254 formam
1711 1223 1780 1254 re-

518 1271 809 1329 digeretur3
850 1273 972 1326 quod
1009 1269 1248 1326 negotium
1288 1268 1348 1313 M.
1390 1269 1555 1313 Catoni
1592 1269 1779 1313 manda·

518 1331 648 1379 itum
681 1345 726 1375 es
728 1332 761 1374 t.

281 1397 388 1437 697
427 1396 480 1436 57
519 1365 523 1471 1
553 1389 673 1434 Coss.
725 1389 779 1432 P.
817 1388 1050 1432 Cornelius
1080 1387 1305 1431 Lentulus
1336 1386 1562 1442 Spinther,
1597 1386 1648 1442 Q.
1675 1385 1781 1430 Cae·
1852 1390 1907 1430 50

728 1449 861 1492 cilius
894 1447 1105 1490 Metellus
1135 1447 1301 1501 Nepos

610 1506 831 1550 Kalendis
856 1505 1082 1548 Ianuariis
1107 1505 1330 1560 Lentulus
1356 1503 1574 1560 Spinther
1605 1516 1693 1546 cos.
1727 1504 1784 1546 de

552 1565 809 1610 revocando
857 1564 1073 1607 Cicerone
1124 1564 1171 1606 in
1227 1565 1388 1606 senatu
1433 1575 1570 1618 agere
1618 1560 1783 1627 coepit,

553 1624 877 1668 adiuvantibus
916 1622 1010 1666 fere
1050 1621 1260 1665 omnibus
1298 1621 1494 1663 tribunis
1526 1619 1698 1676 plebis,
1734 1620 1785 1661 in

386 1459 391 1668 1
519 1474 715 1889 19116113
761 1683 808 1725 Ρ.
858 1680 1004 1725 Sestio
1053 1682 1100 1724 et
1145 1681 1194 1724 T.
1250 1678 1401 1722 Annio
1447 1678 1631 1722 Milone.
1701 1678 1784 1721 His

387 1669 396 1993 1
523 1891 527 1920 ,

392 1995 399 2192 1
523 1923 529 2046 Ι

395 2297 400 2340 Ι
524 2049 531 2438 i

555 1740 721 1786 studiis
755 1740 971 1784 effectum
1013 1741 1102 1792 est,
1143 1741 1195 1782 ut
1224 1738 1423 1794 primum
1457 1738 1625 1781 SCtum
1655 1737 1786 1780 fieret

555 1801 612 1844 de
645 1813 742 1843 61113
775 1799 937 1852 salute,
970 1773 1135 1840 deinde
1165 1798 1240 1840 lex
1264 1797 1319 1840 de
1352 1810 1407 1840 eo
1436 1796 1694 1839 revocando
1726 1795 1786 1838 ad

555 1859 780 1924 populum
810 1858 910 1901 lata
940 1857 1052 1912 prid.
1078 1855 1235 1900 Nonas
1263 1855 1421 1900 Sextil.
1449 1854 1652 1899 omnium
1682 1868 1783 1898 cen-

555 1918 780 1961 turiarum
828 1929 1051 1959 consensu
1097 1914 1277 1970 perlata
1324 1913 1428 1958 est.³
1495 1912 1669 1956 Eodem
1712 1913 1786 1955 die

558 1975 715 2020 Cicero
746 1974 1032 2030 Dyrrhachio
1064 1974 1296 2029 profectus
1321 1972 1466 2016 Nonis
1495 1971 1651 2015 Sextil.
1677 1971 1786 2014 Tul-

557 2036 647 2078 liae
678 2035 825 2078 natali
857 2032 1152 2076 Brundisium
1175 2032 1313 2075 venit.
1358 2030 1468 2073 Inde
1492 2044 1574 2085 per
1602 2028 1787 2072 Italiam

558 2093 761 2137 omnium
790 2091 1167 2148 municipiorum,
1205 2090 1624 2146 praefecturarum,
1668 2088 1786 2131 colo-

556 2152 738 2195 niarum
770 2164 947 2195 summa
975 2149 1287 2205 gratulatione
1312 2151 1359 2191 et
1383 2148 1548 2203 plausu
1567 2148 1788 2202 exceptus

557 2210 751 2254 Romam
782 2210 910 2253 venit
940 2209 1054 2264 prid.
1087 2207 1202 2251 Non.
1239 2206 1326 2262 Sep
1330 2208 1359 2250 t.
1396 2204 1624 2249 Postridie
1657 2218 1787 2248 sena-

558 2269 641 2322 tui,
674 2268 838 2312 deinde
870 2281 947 2323 po
945 2268 1055 2318 iulo
1088 2221 1326 2310 contionep
1332 2279 1360 2308 a
1384 2264 1646 2308 consulibus
1679 2264 1790 2306 data

560 2327 733 2382 gratias
760 2326 893 2382 egit.4
947 2325 1068 2370 Prid.
1093 2325 1197 2368 Kal
1224 2324 1322 2368 Oct.
1349 2323 1505 2367 Cicero
1530 2322 1654 2379 apud
1676 2335 1789 2378 pon-

559 2386 707 2429 tifices
754 2399 835 2441 pro
886 2385 1013 2428 domo
1069 2383 1194 2427 dicit.
1271 2383 1444 2426 Domus
1498 2380 1546 2424 in
1591 2379 1788 2434 Palatio,

561 2444 822 2488 Tusculana
859 2446 906 2486 et
944 2443 1189 2486 Formiana
1225 2441 1338 2485 villa
1372 2440 1569 2497 pecunia
1604 2438 1791 2496 publica

562 2503 848 2548 aedificanda
877 2501 1095 2545 locaturf'·

621 2562 720 2606 Hoc
759 2573 877 2605 anno
919 2560 1075 2603 statim
1115 2540 1222 2615 post
1253 2557 1482 2601 Ciceronis
1513 2556 1711 2601 reditum
1742 2556 1791 2599 in

563 2621 660 2665 61113
692 2619 967 2664 sententiam
997 2619 1049 2661 fit
1081 2618 1267 2672 SCtum,
1310 2630 1365 2660 ex
1405 2629 1548 2680 eoque
1580 2616 1654 2658 lex
1683 2628 1791 2670 pro—

563 2680 814 2734 mulgatur,
844 2680 898 2722 1113
920 2676 1140 2733 Pompeio
1161 2690 1243 2732 per
1258 2653 1629 2731 quinquennium
1659 2676 1789 2729 pote-

398 2815 441 2867 1)
471 2825 553 2867 pro
587 2810 702 2854 Sest.
737 2815 806 2854 54.
898 2810 943 2864 2)
974 2822 1056 2864 pro
1088 2809 1244 2852 Plano.
1270 2811 1341 2853 99.
1432 2806 1476 2860 3)
1508 2818 1589 2861 pro
1617 2804 1732 2848 Sest.
1759 2806 1945 2854 67—87,

283 2875 525 2923 115-123,
562 2873 701 2912 128-
710 2873 803 2912 132.
837 2868 886 2911 in
918 2868 1131 2912 Pisonem
1164 2872 1233 2910 34.
1324 2866 1368 2919 4)
1403 2863 1462 2908 ad
1493 2863 1588 2908 Α1313.
1613 2863 1689 2906 IV.
1718 2867 1757 2917 1,
1788 2865 1829 2906 5.
1861 2873 1946 2916 pro

282 2929 396 2974 Sest
425 2934 521 2972 131.
553 2929 601 2972 in
631 2927 844 2972 Pisonem
879 2930 945 2969 52.
1040 2928 1084 2981 5)
1117 2925 1175 2969 ad
1206 2925 1301 2968 Att.
1334 2922 1409 2968 IV.
1437 2927 1479 2978 2,
1503 2927 1543 2966 2.
