2075 3235
133 120 187 159 21
498 112 676 157 LIBER
705 114 738 158 Ι.
803 113 928 159 CAP.
962 119 1149 158 21—22.
1215 119 1238 167 ξ
1274 119 1461 160 29—31.
1712 117 1814 170 137

132 234 298 286 fuisse
344 234 630 286 facultates
679 234 912 286 faciundi
960 233 1305 302 videbuntur3
1353 235 1398 287 si
1445 238 1657 304 tempus
1706 238 1815 290 ido-

131 325 306 373 neum,
347 307 394 359 si
426 307 591 376 spatii
623 307 772 375 satie,
806 308 850 359 si
884 308 1033 359 103113
1068 275 1402 376 opportu⁷nus
1438 308 1504 360 ad
1537 327 1657 385 33111
1686 328 1815 375 13111,

133 399 237 450 qua
277 349 339 432 de
378 398 435 432 13
474 350 808 446 narrabitur,
854 380 1018 432 fuisse
1061 381 1395 450 ostendetur,
1444 382 1489 433 si
1528 386 1613 434 res
1654 376 1708 434 313
1728 385 1814 445 ad

133 472 329 522 eorum,
370 454 467 535 qui·
500 458 677 523 agent,
724 457 994 506 naturam
1017 457 1070 505 et
1111 455 1177 506 ad
1217 454 1369 524 vulgi
1408 474 1612 507 morem
1654 460 1707 508 et
1749 457 1814 508 ad

86 542 106 574 5
132 545 329 594 eorum,
381 527 472 594 qui
512 528 743 594 audient,
796 527 1104 596 opinionem
1145 528 1657 581 adcommodabitur.
1733 530 1814 581 Ac

129 601 243 652 veri
299 600 514 668 quidem
573 601 763 652 similis
820 619 883 652 cx
938 600 1022 651 his
1075 601 1374 653 rationibus
1432 620 1546 654 esse
1597 603 1812 671 poterit.

127 673 271 725 Illud
316 676 495 726 autem
546 678 826 743 praeterea
865 674 1202 726 considerare
1243 675 1539 743 oportebit,
1585 694 1673 743 ne,
1722 681 1902 732 aut-30

130 765 249 799 cum
290 747 434 799 obsit
473 748 713 800 narratio
755 750 848 799 aut
887 765 1006 799 cum
1038 748 1174 798 nihil
1206 749 1395 816 prosit,
1435 752 1618 800 tamen
1649 750 1810 801 inter-

128 823 383 888 ponatur,
425 824 516 873 aut
556 839 664 873 non
703 822 822 873 loco
863 824 960 873 aut
998 839 1122 889 non,
1163 822 1613 889 quemadmodum
1654 841 1813 876 causa

62 907 102 938 10
129 895 383 964 postulet,
422 898 681 946 narretur.
760 893 928 946 Obest
967 898 1098 962 tum,
1141 913 1260 947 cum
1298 895 1468 964 ipsius
1510 896 1587 946 rei
1627 900 1812 966 gestae

129 968 391 1036 expositio
440 986 693 1037 magnam
741 968 936 1036 excipit
992 968 1341 1020 offensionem
1384 970 1418 1034 [,
1446 987 1606 1037 quam
1655 988 1811 1038 argu-

129 1041 415 1093 mentando
448 1045 518 1093 et
566 1060 783 1094 causam
824 1041 1031 1111 agendo
1071 1042 1230 1093 leniri
1269 1043 1581 1116 oportebit}
1659 1041 1812 1104 Quod

127 1132 245 1166 cum
295 1115 519 1183 accidet,
566 1115 909 1167 membratim
958 1115 1229 1184 oportebit
1276 1119 1490 1186 pantes
1507 1115 1586 1167 rei
1625 1108 1839 1184 gestae}

128 1187 433 1256 dispergere
465 1189 520 1239 in
562 1207 778 1241 causam
819 1192 872 1240 et
913 1189 979 1240 ad
1018 1207 1181 1240 unam
1219 1203 1483 1257 quamque
1524 1190 1810 1243 confestim

60 1275 101 1307 15
126 1262 392 1313 rationem
446 1262 873 1329 adcommodare,
927 1265 988 1313 ut
1044 1263 1254 1314 vulneri
1306 1266 1525 1331 praesto
1581 1263 1810 1315 medica-

126 1338 369 1387 mentum
417 1335 488 1387 sit
528 1339 580 1387 et
621 1335 802 1387 odium
844 1336 1029 1387 statim
1070 1335 1306 1387 defensio
1348 1335 1580 1405 mitiget.
1654 1336 1809 1388 Nihil

125 1408 345 1477 prodest
382 1409 621 1460 narratio
662 1412 794 1476 tum,
835 1427 953 1460 cum
996 1409 1063 1460 ab
1106 1409 1426 1461 adversariis
1468 1428 1524 1461 re
1566 1402 1835 1478 exposita)¹

123 1485 310 1534 nostra
362 1481 499 1533 nihil
551 1482 776 1534 interest
821 1483 1019 1534 iterum
1068 1486 1161 1534 aut
1208 1482 1314 1534 alio
1362 1483 1522 1535 modo
1569 1502 1810 1551 narrare3

127 1559 219 1607 aut
253 1556 319 1607 ab
351 1555 433 1623 iis,
467 1555 557 1623 qui
591 1555 829 1624 audiunt,
860 1556 937 1607 ita
961 1559 1173 1608 tenetur
1205 1556 1501 1625 negotium,
1532 1560 1592 1608 ut
1621 1560 1812 1609 nostra-

58 1643 100 1676 20
124 1629 258 1680 nihil
304 1629 518 1680 intersit
566 1647 655 1681 eos
704 1629 810 1680 alio
857 1632 1017 1697 pacto
1067 1630 1306 1682 (1033131
1353 1628 1505 1690 Quod
1554 1649 1674 1682 cum
1724 1649 1809 1683 ac-

125 1703 274 1770 cidit,
338 1702 554 1754 omnino
615 1702 925 1754 narratione
988 1703 1440 1770 supersedendum
1497 1707 1591 1756 est
1683 1703 1809 1756 Non

60 1819 62 1822 .
124 1777 241 1829 1030
277 1775 482 1844 d,icitur
522 1794 641 1828 cum
673 1794 782 1827 non
812 1776 870 1826 in
902 1794 963 1828 ea
993 1780 1148 1844 parte
1182 1776 1440 1828 orationis
1482 1777 1808 1846 conlocatur,

123 1850 180 1902 in
220 1868 325 1917 qua
363 1867 447 1901 res
487 1850 748 1918 postulat3
790 1868 894 1917 quo
930 1849 992 1901 (13
1027 1866 1220 1917 genere
1254 1867 1477 1919 agemus
1517 1853 1648 1915 tum,
1689 1869 1808 1903 cum

126 1923 188 1976 de
236 1923 588 1992 dispositione
637 1922 892 1990 dicemus3
948 1941 1076 1974 nam
1130 1923 1231 1975 hoc
1286 1923 1352 1974 ad
1401 1893 1807 1991 dispositionem

57 2009 100 2042 25
124 1997 372 2066 pertinet.
425 1995 550 2048 Non
576 1996 1025 2064 quemadmodum
1056 2015 1216 2048 causa
1246 1997 1506 2065 postulat,
1537 2000 1807 2065 narratur,

126 2089 246 2123 cum
287 2073 381 2122 aut
418 2070 494 2136 id,
542 2070 681 2138 quod
722 2070 1029 2122 adversario
1070 2070 1313 2138 prodest,
1362 2070 1590 2122 dilucide
1631 2074 1685 2121 et
1725 2089 1806 2122 or—

124 2148 250 2196 nate
290 2143 575 2211 exponitur
615 2146 709 2195 aut
754 2143 831 2211 id,
880 2143 1020 2211 quod
1068 2144 1245 2212 ipsum
1294 2143 1534 2211 adiuvat,
1583 2144 1808 2196 obscure

126 2218 320 2270 dicitur
359 2220 413 2268 et
451 2217 816 2285 neglegenter.
889 2215 1081 2284 Quare,
1119 2221 1180 2269 ut
1217 2217 1320 2269 hoc
1360 2217 1550 2269 vitium
1591 2217 1807 2284 vitetur,

127 2291 307 2343 onmia,
359 2290 659 2357 torquenda
714 2294 839 2342 sunt
895 2291 962 2342 ad
1025 2290 1365 2342 commodum
1421 2308 1546 2342 suae
1602 2308 1806 2356 causae,

58 2376 100 2408 30
127 2363 410 2431 contraria,
448 2381 582 2432 quae
614 2364 898 2432 praeteriri
929 2367 1200 2432 poterunt,
1232 2363 1637 2432 praetereundo,
1670 2381 1806 2431 quae

127 2437 349 2490 dicenda
397 2440 574 2505 erunt,
628 2436 820 2488 leviter
867 2437 1207 2507 attingendo,
1263 2455 1360 2489 sua
1415 2437 1702 2505 diligenter
1753 2439 1807 2488 et

126 2511 352 2563 enodate
414 2509 694 2562 narrando.
785 2511 866 2563 Ac
919 2511 982 2562 (13
1036 2510 1345 2562 narratione
1402 2510 1616 2578 quidem
1671 2510 1805 2562 satis

125 2584 327 2637 dictum
365 2583 597 2650 videtur,
638 2583 884 2652 deinceps
927 2584 993 2636 ad
1032 2584 1382 2652 partitionem
1413 2586 1768 2636 transeamus.

271 2657 436 2710 Recte
483 2656 672 2709 habita
715 2657 773 2708 in
812 2675 973 2709 causa
1011 2657 1234 2730 pggtitio
1274 2656 1559 2708 inlustrem
1599 2659 1652 2708 313
1691 2675 1803 2726 per-
1824 2641 1893 2692 99

57 2742 100 2775 35
125 2731 366 2800 spicuam
420 2733 595 2782 totam
652 2729 815 2782 efficit
874 2731 1186 2782 orationem.
1269 2729 1456 2782 Partes
1512 2730 1624 2782 eius
1682 2718 1890 2782 311111331

126 2804 280 2873 duae,
335 2822 562 2873 quarum
608 2806 836 2870 utraque
883 2821 1079 2872 magno
1129 2820 1287 2872 opere
1340 2803 1407 2854 ad
1462 2800 1803 2872 aperiendam

125 2895 342 2931 causam
376 2881 429 2930 et
461 2876 890 2930 constituendam
923 2876 1159 2945 pertinet
1184 2877 1620 2929 controversiam.
1682 2876 1802 2928 Una
