2080 3204
513 136 694 180 LIBER
725 137 781 182 11.
846 137 973 182 CAP.
1007 143 1197 182 21-22.
1267 143 1291 192 s
1325 144 1517 184 32-33.
1789 143 1859 196 33

157 259 358 313 vitiosa
383 258 649 327 expositio
677 261 773 326 est,
794 277 930 327 quae
957 252 1172 311 constat
1197 277 1260 310 ex
1279 258 1421 311 falsa
1440 262 1858 331 enumeratione,

159 334 206 385 si
247 336 354 401 aut,
395 351 516 385 cum
555 332 715 401 plura
757 336 905 401 sunt,
944 333 1203 402 pauciora
1243 333 1499 401 dicamUS,
1539 335 1642 387 hoc
1674 337 1858 388 modo:

161 405 333 459 ‘Duae
373 424 457 458 res
502 408 650 474 sunt,
689 406 916 474 iudiceS,
959 424 1094 474 quae
1134 407 1379 459 homines
1423 408 1490 459 ad
1531 409 1858 462 maleficium

156 480 457 549 impellant,
508 479 747 532 luxuries
790 483 843 532 et
884 478 1151 532 avaritia.'
1209 479 1368 541 eQuid
1401 481 1607 534 amor?
1649 483 1858 551 inquiet

113 567 134 599 5
160 554 445 623 quispiam,
472 553 621 623 equid
647 554 911 606 ambitio?
943 554 1068 622 quid
1094 554 1325 624 religio?
1364 556 1490 623 quid
1517 559 1692 608 metus
1718 576 1858 610 mor-

157 628 266 680 tis?
293 628 421 697 quid
445 627 660 697 imperii
679 628 984 696 cupiditas?
1011 628 1138 695 quid
1156 628 1383 697 denique
1403 630 1508 681 alia
1525 632 1799 698 permulta
1809 631 1855 684 ‘?'

154 701 294 754 Item
334 701 474 754 falsa
507 702 843 754 enumeratio
878 704 975 769 est,
1010 720 1131 753 cum
1162 703 1419 770 pauciora
1453 708 1579 755 sunt
1612 708 1665 756 et
1696 706 1857 774 plura

156 775 397 843 dicimuS,
414 776 517 828 hoc
542 776 726 828 modo:
746 775 896 827 ‘Tres
922 793 1006 826 res
1034 778 1174 843 sunt,
1193 794 1327 843 quae
1348 778 1579 844 [omnes]
1606 778 1855 831 homines

160 849 469 917 sollicitent,
525 853 701 901 metus
711 892 724 918 ,
781 849 1046 918 cupiditas
1056 891 1069 916 ,
1120 849 1437 919 aegritudo?
1519 850 1663 904 Satis
1713 853 1857 905 enim

92 937 134 969 10
157 923 337 975 fuerat
378 923 575 976 dixisse
624 927 853 991 metum,
901 923 1277 991 cupiditatem,
1327 925 1582 992 quoniam
1623 927 1856 996 aegritu-

158 998 338 1049 dinem
386 1016 506 1050 cum
554 1001 783 1066 utraque
831 1016 888 1049 re
938 997 1280 1050 coniunctam
1329 1016 1444 1050 esse
1492 1017 1709 1052 necesse
1759 1004 1856 1053 est.

154 1071 296 1123 Item
321 1072 517 1124 vitiosa
543 1072 809 1140 expositio
845 1074 941 1139 est,
974 1090 1110 1139 quae
1135 1072 1363 1123 nimium
1388 1073 1550 1143 longe
1576 1074 1855 1143 repetitur,
1874 1076 1944 1128 22

155 1146 257 1198 hoc
313 1145 497 1198 modo:
569 1145 843 1197 eOmnium
899 1146 1169 1197 malorum
1225 1146 1462 1198 stultitia
1534 1151 1617 1199 est
1680 1152 1856 1200 mater

157 1223 319 1287 atque
351 1220 714 1289 praecepti-ix,
757 1238 818 1271 ea
849 1220 996 1288 parit
1028 1220 1322 1271 immensas
1358 1220 1697 1289 cupiditates
1752 1222 1856 1274 Im—

90 1307 131 1339 15
156 1312 373 1346 mensae
413 1312 575 1362 porro
611 1293 935 1362 cupiditates
976 1293 1249 1361 infinitae,
1290 1294 1680 1348 immoderatae
1716 1300 1855 1348 sunt.

156 1367 308 1420 Haec
347 1367 569 1436 pai-iimt
610 1367 914 1419 avaritiam.
978 1366 1229 1419 Avaritia
1269 1386 1433 1436 porro
1474 1369 1750 1422 hominem
1791 1371 1858 1422 ad

157 1441 384 1510 quodvis
441 1441 768 1494 maleficium
822 1441 1071 1511 impellit.
1150 1440 1298 1511 Ergo
1357 1443 1588 1495 avaritia
1649 1444 1856 1496 inducti

159 1515 456 1569 adversarii
493 1516 669 1568 nostri
709 1516 811 1568 hoc
858 1516 916 1567 in
956 1534 1013 1567 se
1053 1515 1262 1567 facinus
1305 1516 1675 1570 admiserunt?
1752 1518 1856 1570 Hic

154 1590 232 1658 id,
284 1590 426 1658 quod
475 1592 775 1642 extremum
824 1590 1027 1642 dictum
1076 1592 1174 1656 est,
1228 1591 1362 1642 satis
1414 1590 1520 1642 fuit
1573 1610 1854 1661 exponere,

90 1679 132 1710 20
157 1682 222 1716 ne
268 1663 505 1716 Ennium
556 1666 609 1715 et
658 1667 864 1716 ceteros
912 1667 1103 1732 poetas
1151 1663 1452 1733 imitemur,
1510 1666 1704 1734 quibus
1752 1667 1855 1718 hoc

156 1738 316 1791 modo
357 1738 508 1806 loqui
549 1755 863 1790 concessum
904 1741 1007 1790 est:

230 1812 493 1865 Utinam
531 1829 605 1863 ne
644 1812 710 1863 in
747 1830 1005 1864 nemore
1045 1811 1227 1865 Pelio
1270 1813 1607 1866 securibus

233 1885 433 1939 Caesa
481 1886 840 1938 accedisset
891 1886 1167 1956 abiegna
1216 1887 1290 1938 ad
1329 1890 1569 1939 terra-m
1610 1888 1855 1956 trabeS,

230 1959 401 2013 Neve
440 1959 585 2011 inde
625 1960 809 2012 navis
850 1960 1250 2012 inchoandae
1294 1961 1624 2013 exordium

90 2048 132 2080 25
232 2033 596 2103 Coepisset,
639 2052 796 2102 quae
836 2053 1002 2086 nunc
1041 2035 1414 2087 nominatur
1452 2036 1706 2087 nomine

232 2108 431 2178 ArgO,
472 2108 620 2176 quia
659 2108 890 2178 Argivi
929 2108 993 2159 in
1033 2127 1103 2160 ea
1144 2109 1372 2161 dilecti
1411 2109 1537 2160 viri

232 2182 418 2235 Vecti
456 2183 766 2250 petebant
806 2182 1044 2251 pellem
1083 2183 1454 2235 inauratam
1495 2183 1726 2235 arietis

234 2254 516 2324 Colchis,
554 2256 826 2325 imperio
866 2257 1040 2325 regis
1081 2256 1325 2324 Peliae,
1365 2275 1477 2326 per
1519 2257 1747 2309 dolum:

231 2329 390 2382 Nam
422 2348 762 2398 numquam
796 2349 902 2382 era
934 2349 1156 2382 errans
1191 2349 1327 2383 mea
1361 2332 1540 2383 domo
1576 2330 1854 2383 ecferret
1894 2386 1896 2388 ,

90 2419 133 2451 30
868 2405 1089 2473 pedem

232 2477 452 2530 Medea
501 2478 712 2529 animo
754 2497 972 2548 aegra,
1021 2496 1232 2530 amore
1282 2496 1471 2530 saevo
1514 2478 1853 2532 saucia....

157 2551 301 2604 Nam
332 2551 419 2603 hic
453 2551 585 2603 satis
620 2555 736 2604 erat
768 2552 955 2620 dicere,
989 2552 1035 2604 si
1065 2552 1121 2603 id
1152 2553 1327 2620 modo,
1361 2551 1504 2620 quod
1537 2551 1669 2604 satis
1696 2555 1853 2620 esset,

159 2628 410 2678 curarent
448 2628 663 2693 poe'tae:

231 2699 495 2751 Utinam
514 2718 587 2751 ne
611 2717 716 2752 era
734 2718 955 2752 errans
975 2718 1110 2752 mea
1130 2699 1311 2751 domo
1333 2698 1612 2752 ecferret
1633 2699 1853 2768 pedem

90 2788 132 2820 35
230 2773 451 2825 Medea
492 2773 701 2826 animo
744 2792 961 2844 aegra,
1005 2791 1222 2825 amore
1264 2791 1454 2825 saevo
1498 2773 1852 2826 saucia

159 2847 328 2916 [Ergo
370 2847 472 2899 hac
513 2865 723 2916 quoque
765 2849 832 2900 ab
872 2848 1065 2899 ultimo
1107 2847 1431 2915 repetitione
1471 2846 1527 2899 in
1563 2846 1853 2915 expositio·

155 2921 315 2974 nibus
348 2939 675 2991 magnopere
716 2921 1169 2990 supersedendum
1210 2924 1306 2974 est.
1345 2920 1470 2973 Non
1503 2920 1645 2972 enim
1677 2938 1853 2989 repre-

269 3015 358 3048 οισι
385 3017 415 3048 1.
1465 3012 1491 3049 3
