2075 3235
99 1856 152 1896 99

180 109 285 161 168
774 106 853 151 DE
887 106 1268 151 INVENTIONE
1801 113 1855 152 52

178 226 604 296 vituperationes
650 245 758 279 non
806 225 1097 293 separatim
1143 226 1323 293 placet
1367 226 1616 293 tractari,
1663 226 1756 278 sed
1801 227 1858 279 in

178 301 310 369 ipsis
361 299 919 369 argumentationibus
968 315 1083 349 esse
1132 298 1450 366 implicatas.
1526 298 1682 352 Nunc
1722 299 1858 352 dice-

180 391 299 425 mus
341 373 403 425 de
444 372 796 425 conclusione.

327 445 611 499 Conclusio
661 448 743 495 est
793 443 965 495 exitus
1014 446 1067 494 et
1117 443 1492 495 determinatio
1531 444 1701 496 totius
1742 462 1855 496 ora-

179 519 356 572 tionis,
433 517 580 569 Haec
618 517 783 568 habet
822 520 1004 585 partes
1044 519 1175 567 tres:
1218 516 1688 584 enumerationem,
1725 517 1858 569 indi·
1903 531 1924 563 5

181 593 508 662 gnationem,
541 589 994 658 conquestionem.
1059 588 1410 641 Enumeratio
1443 592 1539 657 est,
1570 607 1664 658 per
1696 607 1858 658 quam

178 683 264 717 res
314 665 551 732 disperse
599 666 652 714 et
700 663 887 714 diffuse
936 662 1108 714 dictae
1148 680 1313 714 unum
1351 662 1408 713 in
1446 663 1622 714 locum
1662 680 1858 733 cogun-

179 743 268 790 tur
320 741 373 788 et
411 736 788 788 reminiscendi
835 753 996 788 causa
1043 754 1208 787 unum
1260 735 1359 787 sub
1414 739 1687 804 aspectum
1736 737 1859 788 sub-

179 812 426 863 iciuntur.
517 809 666 861 Haec
713 809 759 860 si
807 827 1015 878 semper
1070 809 1255 860 eodem
1315 808 1473 860 modo
1521 809 1860 877 tractabitur,

179 884 458 953 perspicue
511 883 578 935 ab
637 882 883 935 omnibus
942 882 1166 934 artificio
1223 881 1454 949 quodam
1506 882 1731 934 tractari
1782 882 1859 935 in·
1886 899 1926 930 10

178 957 490 1026 tellegetur3
531 957 614 1008 sin
645 956 792 1008 varie
824 956 931 1021 fiet,
973 959 1026 1007 et
1056 955 1195 1007 hanc
1229 955 1583 1023 suspitionem
1615 958 1669 1007 et
1701 956 1861 1007 satie-

178 1034 349 1082 tatem
387 1030 560 1082 vitare
598 1029 816 1097 poterit.
880 1028 1053 1090 Quare
1085 1032 1202 1080 tum
1243 1028 1516 1096 oportebit
1553 1029 1633 1080 ita
1669 1027 1860 1096 facere,

178 1107 239 1155 ut
293 1103 534 1172 plerique
586 1102 792 1156 faciunt
855 1105 1077 1170 propter
1131 1101 1474 1169 facilitatem,
1541 1101 1862 1171 singillatim

179 1195 340 1229 unam
389 1194 653 1244 quamque
700 1194 813 1228 rem
862 1176 1130 1244 attingere
1178 1178 1232 1226 et
1277 1175 1355 1226 ita
1405 1193 1589 1227 omnes
1629 1175 1861 1227 transire

179 1250 415 1302 breviter
453 1249 969 1319 argumentationes;
1010 1254 1126 1300 tum
1167 1250 1413 1316 [autem],
1449 1248 1506 1300 id
1545 1248 1686 1317 quod
1727 1248 1861 1301 diffi-
1887 1264 1929 1296 15

181 1324 337 1376 cilius
379 1327 474 1391 est,
508 1324 694 1390 dicere,
734 1340 865 1390 quas
897 1325 1080 1390 partes
1115 1321 1422 1390 exposueris
1458 1322 1516 1373 in
1553 1322 1863 1390 partitione,

182 1397 244 1448 de
294 1396 485 1465 quibus
532 1400 586 1448 te
632 1396 908 1464 pollicitus
959 1395 1032 1446 sis
1085 1394 1372 1462 dicturum,
1420 1398 1474 1446 et
1518 1395 1768 1447 reducere
1806 1395 1863 1447 in

183 1470 520 1537 memoriam,
569 1469 763 1537 quibus
802 1469 1104 1521 rationibus
1144 1487 1308 1520 unam
1347 1486 1611 1537 quamque
1650 1471 1863 1537 partem

182 1543 540 1609 confirmaris3
586 1546 704 1594 tum
752 1542 818 1594 ab
866 1542 955 1608 iis,
1004 1542 1094 1610 qui
1134 1541 1378 1608 audiunt,
1418 1559 1697 1610 quaerere,
1738 1542 1863 1610 quid

183 1616 269 1682 sit,
311 1616 451 1683 quod
492 1583 596 1667 sibi
636 1615 774 1667 velle
815 1615 1045 1666 debeant
1085 1614 1444 1666 demonstrari
1470 1616 1505 1681 [,
1547 1615 1650 1667 hoc
1688 1615 1864 1667 modo:
1888 1631 1931 1663 20

183 1658 343 1740 ‘Illud
384 1689 674 1756 docuimUS,
714 1688 846 1739 illud
885 1688 1107 1756 planum
1145 1686 1429 1753 fecimus’}
1490 1687 1577 1740 Ita
1609 1688 1770 1740 simul
1810 1692 1865 1741 et

182 1763 238 1814 in
292 1762 607 1814 memoriam
663 1761 861 1813 redibit
918 1761 1130 1813 auditor
1186 1764 1238 1812 et
1291 1761 1506 1830 putabit
1557 1761 1694 1814 nihil
1749 1779 1865 1815 esse

186 1839 484 1905 praeterea,
533 1835 676 1903 quod
715 1835 907 1887 debeat
948 1835 1262 1886 desiderare.
1339 1834 1520 1903 Atque
1558 1836 1610 1887 in
1651 1834 1737 1886 his
1777 1853 1865 1905 ge-

183 1909 416 1976 neribUS,
455 1912 516 1960 ut
548 1912 671 1960 ante
704 1908 906 1960 dictum
939 1912 1035 1975 est,
1066 1911 1182 1960 tum
1214 1911 1335 1959 tuas
1369 1908 1864 1977 argumentationes

184 1983 414 2034 transire
448 1982 756 2050 separatim,
795 1985 927 2050 tum,
965 1981 1020 2033 id
1055 1981 1195 2050 quod
1229 1981 1568 2033 artificiosius
1610 1984 1706 2050 est,
1746 2000 1866 2034 cum
1890 1996 1934 2028 25

184 2056 293 2108 tuis
334 2055 632 2108 contrarias
666 2055 1011 2124 coniungere3
1053 2058 1106 2106 et
1139 2073 1259 2107 cum
1289 2058 1439 2106 tuam
1474 2055 1670 2107 dixeris
1710 2072 1867 2125 argu-

186 2129 589 2195 mentationem,
627 2132 760 2196 tum,
799 2132 986 2180 contra
1025 2146 1143 2180 eam
1184 2128 1325 2195 quod
1357 2128 1645 2196 adferatur,
1685 2147 1867 2197 quem-

187 2202 472 2255 admodum
520 2202 761 2268 dilueriS‚
816 2201 1107 2253 ostendere.
1183 2200 1269 2253 Ita
1314 2219 1409 2270 per
1455 2202 1674 2254 brevem
1727 2220 1867 2254 com-

185 2277 523 2345 parationem
570 2274 830 2327 auditoris
877 2275 1135 2327 memoria
1174 2278 1228 2326 et
1268 2274 1330 2327 de
1370 2275 1775 2328 confirmatione
1814 2278 1869 2327 et

188 2350 251 2401 de
304 2348 719 2418 reprehensione
774 2347 1243 2417 redintegrabitur.
1334 2349 1513 2416 Atque
1567 2348 1700 2401 haec
1746 2348 1866 2401 aliis
1890 2363 1934 2395 30

189 2422 413 2475 actionis
464 2440 674 2490 quoque
721 2422 892 2473 modis
939 2422 1148 2474 variare
1200 2422 1486 2490 oportebit.
1561 2419 1704 2474 Nam
1750 2425 1868 2474 tum

189 2514 251 2548 ex
305 2499 399 2548 tua
452 2513 683 2564 persona
738 2513 1047 2547 enumerare
1093 2495 1293 2564 possis,
1346 2498 1428 2563 ut,
1484 2494 1610 2563 quid
1662 2498 1716 2546 et
1762 2513 1866 2564 quo

190 2569 419 2638 quidque
468 2570 586 2622 loco
638 2568 857 2636 dixeris,
905 2568 1213 2636 admoneas3
1259 2571 1376 2621 tum
1414 2586 1542 2620 vero
1580 2585 1868 2637 personam

189 2646 283 2695 aut
313 2660 426 2694 rem
460 2643 697 2711 aliquam
728 2641 978 2694 inducere
1019 2645 1072 2693 et
1113 2642 1569 2695 enumerationem
1611 2641 1659 2693 ei
1693 2644 1867 2694 totam

190 2716 497 2768 attribuere.
570 2715 864 2768 Personam
903 2716 1005 2767 hoc
1044 2715 1224 2767 modo:
1266 2714 1426 2767 eNam
1464 2715 1598 2784 legis
1640 2715 1870 2784 scriptor
1891 2727 1936 2761 35

190 2789 416 2841 exsistat
457 2792 509 2841 et
550 2793 770 2857 quaerat
810 2808 842 2840 a
881 2788 1049 2856 vobiS,
1102 2788 1229 2856 quid
1269 2788 1542 2852 dubitetiS,
1581 2788 1707 2856 quid
1745 2805 1869 2857 pos-

190 2863 310 2915 sitis
350 2861 537 2931 dicere,
577 2880 696 2914 cum
735 2861 889 2914 vobis
930 2862 1032 2915 hoc
1072 2866 1127 2913 et
1164 2862 1266 2914 hoc
1305 2862 1376 2913 sit
1408 2859 1870 2914 demonstratum?
