2075 3235
232 113 338 166 226
866 112 944 156 DE
977 110 1354 156 INVENTIONE
1813 121 1900 161 110

233 234 407 302 legem
455 234 584 284 item
632 232 699 283 ad
745 232 907 284 aliam
960 231 1280 282 sententiam
1318 231 1680 299 transducere,
1725 236 1808 301 ut,
1855 236 1902 288 si

232 306 349 358 fieri
388 305 603 374 poterit,
640 322 706 356 ne
747 304 1044 371 discrepare
1078 302 1289 370 quidem
1321 302 1602 356 videantur
1640 305 1780 357 inter
1820 324 1900 375 se,

233 381 506 446 postremo
546 377 733 442 facere,
778 376 822 426 si
863 393 1022 426 causa
1059 375 1374 426 facultatem
1415 375 1576 443 dabit,
1615 380 1675 428 ut
1712 381 1901 430 nostra

233 451 441 502 ratione
474 453 699 516 utraque
732 448 815 498 lex
848 448 1148 499 conservari
1180 447 1437 514 videatur,
1477 449 1899 502 adversariorum

234 523 441 575 ratione
476 523 646 573 altera
678 521 749 571 sit
780 520 1078 572 necessario
1111 519 1456 589 neglegenda.
1518 520 1688 573 Locos
1721 526 1899 575 autem
1946 539 1966 571 5

235 611 540 648 communes
590 596 662 658 et,
711 609 842 660 quos
891 593 1008 659 ipsa
1056 610 1214 644 causa
1261 592 1368 657 det,
1414 592 1592 645 videre
1632 595 1901 662 oportebit

235 672 288 718 et
336 686 396 718 ex
448 665 699 717 utilitatis
742 668 793 716 et
833 681 894 716 ex
933 665 1230 717 honestatis
1272 665 1618 733 amplissimis
1657 667 1900 733 partibus

236 758 441 791 sumere
484 739 938 789 demonstrantem
969 755 1065 806 per
1097 737 1584 806 amplificationem,
1624 738 1690 790 ad
1725 742 1902 791 utram

234 812 412 881 potius
453 812 626 879 legem
668 809 913 861 accedere
954 813 1214 878 oporteat.

147 857 231 971 {³498
380 883 463 936 Ex
507 882 916 935 ratiocinatione
961 883 1199 935 nascitur
1239 883 1621 951 controversia,
1673 902 1794 936 cum
1840 902 1903 936 ex
1928 901 1969 933 ιο

236 976 319 1024 e0,
361 956 501 1024 quod
540 956 751 1024 uspiam
791 958 894 1022 est,
945 955 1014 1017 ad,
1049 956 1123 1023 id,
1165 955 1306 1023 quod
1343 974 1607 1024 nusquam
1646 957 1904 1025 scriptum

235 1033 331 1097 est,
370 1029 594 1096 venitur,
634 1028 736 1080 hoc
774 1031 954 1097 pacto:
1006 1027 1136 1080 Lex:
1178 1027 1234 1080 SI
1272 1043 1544 1082 FURIOSUS
1585 1043 1766 1096 ESCIT,
1804 1044 1904 1081 AD-

236 1117 476 1155 GNATUM
525 1115 961 1163 GENTILIUMQUE
1010 1116 1071 1153 IN
1108 1115 1184 1153 Eo
1223 1114 1587 1164 PECUNIAQUE
1634 1115 1764 1155 EIUS
1809 1116 1905 1155 Po-

236 1189 450 1228 TEsTAs
506 1188 666 1227 Esro.
758 1173 830 1225 Et
883 1175 987 1225 lex:
1050 1173 1520 1227 PATERFAMILIAS
1573 1189 1673 1227 u'rr
1727 1189 1906 1228 SUPER

234 1263 478 1300 FAMILIA
532 1261 891 1310 PECUNIAQUE
946 1261 1052 1300 SUA
1105 1260 1402 1315 LEGASSIT,
1454 1261 1552 1300 ITA
1606 1260 1696 1300 IUS
1742 1261 1903 1301 ESTO.
1931 1262 1972 1295 15

234 1320 308 1372 Et
353 1321 457 1372 lex:
510 1318 567 1372 S1
613 1334 1070 1372 PATERFAMILIAS
1118 1333 1440 1373 INTESTATO
1486 1334 1765 1387 momruss,
1810 1334 1906 1372 FA-

235 1408 400 1445 MILIA
461 1407 829 1455 PECUNIAQUE
891 1407 1018 1445 EIUS
1081 1406 1403 1445 ADGNATUM
1466 1406 1905 1456 GENTILIUMQUE

150 1481 388 1524 149EST0.
473 1465 700 1527 Quidam
753 1465 1015 1517 iudicatus
1073 1468 1154 1517 est
1210 1467 1487 1534 parentem
1541 1465 1794 1518 occidisse
1853 1469 1907 1518 et

237 1539 437 1606 statim,
477 1538 617 1606 quod
657 1538 944 1604 effugiendi
983 1541 1225 1605 potestas
1263 1555 1372 1589 non
1408 1537 1536 1604 fuit,
1575 1538 1784 1606 ligneae
1823 1555 1907 1591 so-

235 1613 348 1664 leae
393 1612 450 1663 in
495 1611 653 1678 pedes
701 1611 901 1661 inditae
949 1614 1094 1676 sunt,
1148 1628 1205 1661 os
1254 1613 1433 1662 autem
1472 1610 1786 1662 obvolutum
1825 1613 1907 1663 est
1931 1627 1973 1658 20

235 1684 475 1736 folliculo
528 1687 580 1735 et
619 1683 1001 1751 praeligatum3
1049 1682 1236 1734 deinde
1283 1685 1366 1734 est
1410 1682 1467 1733 in
1513 1700 1777 1735 carcerem
1822 1683 1906 1735 de-

237 1757 448 1823 ductuS,
496 1759 556 1808 ut
594 1756 671 1808 ibi
704 1758 846 1807 esset
884 1756 1171 1824 tantisper,
1218 1754 1342 1806 dum
1389 1755 1610 1823 culleus,
1655 1756 1712 1807 in
1751 1774 1908 1824 quem

237 1830 504 1882 coniectus
537 1829 594 1880 in
623 1829 976 1898 profluentem
1009 1828 1317 1891 deferretur,
1354 1831 1767 1896 compararetur.
1821 1829 1907 1881 In-

236 1907 383 1955 terea
425 1903 640 1971 quidam
682 1902 791 1953 eius
830 1901 1122 1953 familiares
1160 1901 1217 1953 in
1259 1918 1522 1953 carcerem
1563 1901 1778 1954 tabulas
1819 1901 1909 1954 ad-

236 1976 416 2028 ferunt
463 1979 516 2027 et
562 1977 729 2027 testes
779 1974 1066 2041 adducunt3
1112 1973 1355 2042 heredeS,
1402 1992 1536 2042 quos
1581 1974 1696 2042 ipse
1745 1974 1974 2042 iubet,25
2021 2002 2025 2005 ·

239 2049 497 2115 scribunt,
549 2048 767 2099 tabulae
814 2047 1181 2116 obsignantur.
1266 2046 1347 2099 De
1394 2047 1490 2099 illo
1537 2050 1664 2115 post
1711 2047 1910 2116 suppli-

238 2122 375 2174 cium
411 2121 651 2173 sumitur.
714 2120 858 2172 Inter
890 2138 996 2187 eos,
1029 2120 1118 2188 qui
1149 2120 1368 2171 heredes
1400 2121 1454 2171 in
1486 2119 1686 2172 tabulis
1722 2120 1910 2189 scripti
1948 2181 1951 2183 ,

240 2198 385 2261 sunt,
435 2197 487 2245 et
524 2194 665 2245 inter
705 2196 932 2262 agnatos
973 2193 1035 2244 de
1073 2192 1370 2244 hereditate
1411 2192 1775 2246 controversia
1813 2195 1909 2245 est.

238 2267 341 2319 Hic
381 2270 526 2319 certa
563 2268 662 2334 lex,
713 2284 847 2334 quae
886 2266 1198 2318 testamenti
1234 2265 1464 2318 faciendi
1500 2265 1583 2334 iis,
1623 2266 1714 2334 qui
1752 2265 1810 2317 in
1848 2283 1909 2318 eo

238 2341 355 2392 loco
397 2341 519 2406 sint,
559 2339 760 2392 adimat
798 2341 1140 2407 potestatem,
1177 2339 1327 2391 nulla
1365 2337 1648 2407 profertur.
1710 2337 1795 2393 Ex
1832 2356 1910 2391 ce·
1932 2353 1976 2386 30

239 2413 369 2464 teris
402 2412 612 2481 legibus
647 2415 699 2464 et
737 2429 871 2480 quae
910 2411 1050 2463 hunc
1088 2412 1266 2480 ipsum
1307 2411 1568 2480 supplicio
1606 2411 1911 2464 huiusmodi

240 2486 494 2538 adficiunt
549 2489 602 2537 et
656 2503 789 2553 quae
845 2484 912 2536 ad
955 2485 1266 2536 testamenti
1317 2483 1546 2536 faciendi
1583 2487 1910 2553 potestatem

239 2559 522 2626 pertinent,
561 2575 657 2627 per
695 2557 1160 2610 ratiocinationem
1199 2557 1517 2609 veniendum
1555 2559 1639 2609 est
1678 2556 1744 2609 ad
1780 2557 1911 2609 eius-

240 2631 385 2682 modi
432 2631 717 2699 rationem,
773 2633 833 2683 ut
880 2633 1188 2699 quaeratur,
1242 2630 1558 2682 habueritne
1601 2629 1912 2682 testamenti

155 2703 465 2760 150faciendi
517 2706 857 2772 potestatem.
920 2703 1089 2756 Locos
1132 2705 1310 2755 autem
1358 2720 1663 2755 communes
1709 2703 1766 2754 in
1809 2702 1910 2754 hoc
1933 2715 1976 2748 35
2026 2716 2029 2717 ’

241 2793 431 2845 genere
474 2775 882 2844 argumentandi
919 2775 1018 2828 hos
1059 2779 1112 2828 et
1150 2775 1456 2828 huiusmodi
1496 2774 1756 2843 quosdam
1794 2791 1909 2827 esse

241 2849 588 2901 arbitramur:
629 2849 861 2917 primum
895 2849 1005 2900 eius
1040 2848 1241 2917 scripti,
1275 2848 1415 2916 quod
1445 2847 1701 2917 proferaS,
1733 2847 1909 2900 lauda-
