2080 3204
179 100 249 152 26
737 96 818 142 AD
851 95 897 143 C.
929 95 1298 140 HERENNIUM

180 220 323 288 quod
364 238 484 273 cum
515 217 708 271 herede
741 217 982 270 mandati
1023 219 1284 284 ageretur,
1322 215 1576 268 iudicium
1608 212 1853 281 reddidit,

181 293 297 346 Sex.
336 293 504 346 Iulius
543 311 653 344 non
692 290 936 343 reddidit.
1011 288 1172 340 Item:
1221 287 1276 341 C.
1318 287 1531 341 Caelius
1570 287 1727 339 iudex
1766 286 1854 338 ab·

181 368 342 420 solvit
379 367 695 418 iniuriarum
737 383 870 429 eum,
913 362 1003 430 qui
1041 361 1305 414 Lucilium
1344 365 1561 430 po'etam
1599 361 1656 412 in
1695 377 1854 412 scena

178 441 498 494 nominatim
546 440 792 504 laeserat,
837 436 894 488 P.
941 435 1148 487 Mucius
1202 454 1346 502 eum,
1403 435 1493 504 qui
1531 434 1590 486 L.
1631 433 1853 486 Accium

93 525 149 565 20
181 518 399 585 poe'tam
429 513 817 577 nominaverat,
850 509 1235 562 condemnavit.
1284 508 1449 578 Ergo,
1482 508 1606 576 quia
1628 509 1857 576 possunt
1901 522 1922 555 5

181 607 263 640 res
307 587 469 640 simili
502 586 564 637 de
598 603 758 637 eausa
791 583 1122 635 dissimiliter
1152 582 1417 634 iudicatae
1450 581 1694 650 proferri,
1735 598 1855 633 cum

180 662 235 714 id
274 680 373 713 usu
413 659 635 726 venerit,
674 657 903 709 iudicem
944 675 1063 708 eum
1101 656 1287 723 iudice,
1327 659 1541 724 tempus
1574 672 1695 706 eum
1724 657 1855 706 tem-

179 753 331 804 pore,
377 751 656 785 numerum
707 750 827 783 oum
873 748 1094 782 numero
1145 729 1459 782 iudiciorum
1509 727 1857 781 conferemus·

181 808 262 860 Ex
303 825 470 875 aequo
514 810 567 858 et
604 806 745 857 bono
786 805 868 856 ius
910 806 1133 872 constat,
1174 803 1316 871 quod
1356 802 1420 854 ad
1462 801 1746 854 veritatem
1780 802 1857 865 [et

180 881 494 945 utilitatem]
536 897 871 932 commimem
910 878 1120 930 videtur
1160 877 1450 946 pertinere3
1490 875 1631 944 quod
1664 891 1854 945 genus:
1881 891 1924 923 10

179 970 256 1008 UT
297 969 478 1007 MAIOR
517 967 688 1005 ANNIS
729 967 819 1004 LX.
861 967 934 1003 ET
976 966 1069 1004 CUI
1107 965 1338 1003 MORBUS
1380 963 1559 1002 CAUSA
1597 962 1718 1017 EST,
1759 961 1857 1000 CO-

182 1042 485 1081 GNITOREM
523 1042 653 1078 DET.
731 1025 813 1079 Ex
853 1044 913 1078 eo
953 1025 1040 1077 vel
1078 1043 1277 1076 novum
1315 1024 1397 1076 ius
1441 1022 1696 1075 constitui
1739 1039 1859 1074 oon-

180 1102 328 1154 venit
368 1120 432 1153 ex
471 1104 713 1169 tempore
754 1104 807 1151 et
847 1118 908 1151 ex
947 1098 1180 1150 hominis
1223 1097 1502 1167 dignitate.
1578 1096 1662 1148 Ex
1700 1099 1858 1164 paeto

180 1176 264 1227 ius
306 1179 408 1227 est:
457 1189 507 1228 SI
548 1190 646 1238 QUI
687 1189 822 1237 QUID
865 1188 1038 1224 INTER
1078 1187 1143 1225 SE
1184 1186 1568 1239 PEPIGERUNT,
1620 1184 1671 1223 SI
1722 1183 1859 1232 QUID

181 1264 362 1301 INTER
424 1263 568 1311 QUOS
629 1261 937 1301 CONVENIT.
1030 1245 1197 1299 Pacta
1249 1249 1397 1313 sunt,
1459 1262 1594 1313 quae
1645 1243 1857 1313 legibus
1884 1260 1925 1291 15

183 1323 515 1376 observanda
549 1325 688 1389 sunt,
720 1321 821 1373 hoe
853 1320 1035 1372 modo:
1074 1335 1194 1371 REM
1225 1335 1323 1371 UBI
1355 1333 1601 1385 PAGUNT,
1643 1331 1858 1385 ORAT03

180 1412 241 1449 NI
279 1411 530 1463 PAGUNT,
570 1411 632 1447 IN
674 1409 916 1449 COMITIO
950 1408 1064 1446 AUT
1107 1409 1167 1445 IN
1199 1407 1351 1446 FORO
1385 1407 1537 1444 ANTE
1568 1405 1861 1443 MERIDIEM

185 1485 415 1524 CAUSAM
457 1483 703 1522 COICITO.
781 1467 915 1520 Sunt
953 1468 1081 1519 item
1113 1470 1284 1536 pacta,
1325 1484 1459 1534 quae
1500 1465 1613 1517 sine
1645 1464 1857 1534 legibus

184 1546 541 1597 observantur
574 1561 636 1594 ex
669 1544 947 1608 conventO,
982 1559 1116 1609 quae
1149 1541 1262 1592 iure
1295 1543 1572 1608 praestare
1599 1538 1859 1591 dicuntur.

181 1617 282 1669 His
323 1617 492 1687 igitur
537 1617 784 1685 partibus
832 1615 1083 1666 iniuriam
1124 1613 1505 1680 demonstrari,
1552 1612 1635 1664 ius
1676 1612 1860 1664 confir·
1884 1628 1926 1660 20

99 1722 166 1774 14
183 1691 322 1743 mari
363 1691 634 1756 convenit,
681 1689 736 1741 id
777 1689 917 1757 quod
955 1689 1013 1740 in
1053 1688 1305 1740 absoluta
1343 1686 1629 1739 iuridiciali
1668 1685 1861 1738 facien-

95 1798 149 1836 21
185 1766 310 1817 dum
349 1764 572 1817 videtur.
650 1804 661 1816 .
702 1805 712 1817 .
754 1807 763 1816 .
805 1806 815 1817 .
856 1781 975 1815 oum
1016 1780 1078 1814 ex
1118 1761 1519 1830 comparatione
1560 1762 1860 1828 quaeretur,

183 1842 365 1890 utrum
407 1838 576 1890 satius
615 1837 801 1889 fuerit:
851 1854 1010 1905 agere
1049 1835 1127 1903 id,
1169 1835 1311 1904 quod
1349 1853 1470 1886 reus
1512 1833 1655 1886 dicat
1695 1851 1751 1885 se
1788 1832 1862 1885 fe-

184 1914 335 1980 cisse,
391 1915 483 1964 aut
537 1912 614 1979 id,
671 1910 811 1979 quod
861 1913 1137 1962 accusator
1186 1909 1327 1961 dieat
1379 1908 1682 1977 oportuisse
1726 1907 1861 1975 fieri,

182 1987 416 2054 primum
450 1985 633 2054 quaeri
665 1984 958 2052 conveniet,
997 1987 1179 2035 utrum
1211 1982 1376 2034 fuerit
1418 1981 1604 2033 utilius
1638 1999 1702 2033 ex
1742 1999 1861 2033 eon-
1886 1997 1929 2029 25

184 2060 448 2127 tentione,
488 2059 590 2111 hoo
631 2062 733 2126 est,
773 2062 955 2109 utrum
994 2056 1294 2123 honestiuS,
1341 2055 1576 2122 faciliuS,
1616 2054 1862 2107 conduci-

183 2133 362 2185 bilius.
439 2132 642 2184 Deinde
695 2132 970 2199 oportebit
1017 2130 1222 2198 quaeri,
1269 2130 1515 2198 ipsumne
1563 2128 1863 2197 oportuerit

184 2207 434 2273 iudicare,
473 2209 655 2258 utrum
687 2205 850 2256 fuerit
881 2204 1083 2270 utiliuS,
1118 2222 1186 2256 an
1219 2203 1448 2255 aliorum
1479 2202 1643 2254 fuerit
1673 2202 1861 2254 utilius

187 2280 459 2333 statuendi
490 2282 745 2349 potestas.
808 2278 1013 2330 Deinde
1045 2278 1419 2345 interponetur
1452 2277 1520 2328 ab
1554 2279 1862 2329 accusatore

189 2354 437 2424 [suspitio
479 2372 542 2405 ex
582 2352 988 2417 constitutione]
1031 2351 1355 2418 coniectura,
1405 2369 1509 2419 qua
1546 2368 1603 2402 re
1641 2352 1862 2419 putetur
1886 2366 1959 2402 30.

185 2446 293 2480 non
330 2429 538 2479 ratione
577 2428 780 2479 factum
821 2444 955 2492 esse,
1005 2425 1146 2493 quod
1193 2425 1383 2476 melius
1425 2423 1676 2476 deteriori
1715 2426 1858 2475 ante-

187 2505 497 2570 poneretur,
553 2501 645 2552 sed
692 2501 749 2552 in
798 2518 857 2551 eo
907 2499 1030 2551 dolo
1078 2499 1221 2550 malo
1272 2498 1594 2567 [negotium]
1646 2500 1859 2566 gestum

189 2575 369 2642 aliqua
406 2575 678 2643 probabili
717 2592 896 2641 eausa,
944 2573 1005 2624 de
1046 2591 1152 2640 qua
1191 2575 1314 2624 ante
1355 2572 1554 2624 dietum
1595 2574 1692 2623 est.
1769 2570 1856 2622 Ab

189 2648 463 2700 defensore
504 2651 691 2701 eontra
730 2647 1002 2699 refelletur
1036 2646 1434 2715 argumentatio
1469 2644 1857 2698 coniecturalis.

192 2721 417 2787 [Deinde
452 2725 753 2789 quaeretur,
787 2721 1096 2790 potueritne
1129 2720 1306 2787 vitari,
1343 2737 1410 2771 ne
1442 2719 1499 2770 in
1531 2737 1651 2771 eum
1682 2719 1860 2771 locum
1884 2730 1927 2764 35

102 2812 156 2851 22
189 2795 496 2861 veniretur]
547 2795 647 2846 His
675 2795 748 2847 sic
781 2795 1030 2846 tractatis
1058 2796 1335 2845 accusator
1366 2796 1547 2845 utetur
1577 2793 1695 2845 loeo
1721 2809 1861 2844 eom-

190 2869 338 2920 muni
376 2869 433 2920 in
473 2888 607 2936 eum,
650 2868 741 2936 qui
779 2868 968 2920 inutile
1009 2866 1130 2919 utili
1169 2867 1558 2935 praeposuerit,
1598 2883 1717 2919 cum
1758 2868 1861 2917 sta-
