2080 3204
663 140 780 185 PER
810 141 1014 186 ANNOS
1048 141 1323 189 DIGESTA.
1770 142 1832 185 IX

161 275 261 306 Anni
295 274 397 306 Ante

160 319 204 350 U.
221 317 262 350 C.
277 275 282 361 Ι
297 317 335 349 C.
353 318 397 350 N.
411 278 416 355 i
1707 333 1712 352 ι

412 359 416 452 Ι
506 373 665 419 Cicero
691 389 850 420 causas
875 376 1133 432 complures
1164 377 1211 420 in
1234 375 1333 420 foro
1359 377 1469 433 agit,
1506 376 1555 420 in
1585 376 1680 432 pri·
1706 356 1711 427 Ι

444 434 530 477 mis
586 432 844 477 orationem
898 434 1040 478 habet
1085 449 1167 490 pro
1215 435 1379 478 Roscio
1429 435 1680 479 (Ιοπιοεᾱο.1
1706 432 1712 516 ι

445 491 620 535 Deinde
653 496 948 546 quaesturam
981 494 1142 549 petens
1173 494 1222 536 in
1261 492 1460 537 comitiis
1492 493 1678 537 tributis
1706 519 1712 537 ι

445 550 620 594 cunctis
654 550 884 607 suffragiis
918 555 1135 607 quaestor
1165 551 1255 594 fit.2

1707 278 1711 328 ι
1728 275 1834 326 Armi

1735 320 1774 352 01

175 614 257 654 679
322 613 376 653 75
446 608 571 652 Coss.
618 608 674 652 L.
713 608 939 662 Octavius,
975 610 1021 654 C.
1054 611 1273 654 Aurelius
1306 609 1449 654 Cotta.
1749 615 1804 653 32

506 667 664 711 Cicero
688 670 904 723 quaestor
934 668 983 711 in
1011 667 1168 713 Sicilia
1192 669 1519 725 Lilybaetanus
1550 681 1681 724 prae-

445 729 542 770 tore
576 727 677 771 Sex.
711 726 986 770 Peducaeo.3

176 789 259 828 680
322 789 378 828 74
447 785 569 828 Coss,
610 784 666 828 L.
692 784 908 828 Licinius
930 784 1171 838 LuculluS,
1199 787 1268 829 M.
1296 786 1512 830 Aurelius
1537 784 1678 830 Cotta.
1752 791 1805 829 33

413 798 418 900 i
504 844 564 887 Μ.
612 843 836 887 Antonius
880 843 1111 897 Creticus,
1165 845 1224 888 M.
1273 844 1503 888 triumviri
1548 845 1682 899 pater

447 901 729 946 curationem
786 915 891 946 orae
948 902 1207 946 maritimae
1254 906 1418 946 nactus
1476 903 1682 947 Siciliam

280 904 285 1119 l
446 961 652 1015 aliasque
678 961 940 1015 provincias
967 961 1288 1016 depopulatur,
1315 961 1479 1005 deinde
1499 959 1681 1005 Creten-

447 1020 571 1063 sibus
604 1019 726 1062 bello
758 1018 905 1071 illato,
938 1033 986 1062 re
1019 1020 1139 1063 male
1173 1023 1307 1074 gesta
1339 1020 1543 1063 moritur.

506 1078 663 1122 Cicero
689 1091 744 1121 ex
768 1080 1014 1132 quaestura
1046 1077 1276 1122 Siciliensi
1299 1079 1495 1122 Romam
1527 1079 1684 1122 redit*

282 1121 286 1217 Ι
445 1135 619 1180 Eodem
651 1149 769 1179 anno
804 1135 1136 1180 Scamandrum
1168 1136 1388 1180 libertum
1422 1139 1468 1180 et
1501 1136 1547 1179 C.
1582 1137 1680 1180 Mu-

447 1195 588 1238 stium
619 1193 865 1238 defendit.5

177 1257 257 1297 681
281 1222 286 1319 Ι
325 1258 378 1298 73
448 1253 570 1297 Coss.
621 1254 691 1353 Ιῐὶῖῐ.
722 1253 956 1297 Terentius
983 1254 1129 1298 Varro
1153 1253 1394 1308 Lucullus,
1423 1253 1471 1297 0.
1500 1254 1686 1298 Cassius
1712 1265 1715 1305 ς
1755 1259 1811 1297 34

282 1322 286 1337 ·
674 1326 794 1356 arus.

505 1370 558 1414 In
604 1371 742 1413 Italia
788 1371 963 1414 bellum
1007 1384 1034 1413 a
1074 1371 1410 1427 gladiatoribus
1459 1372 1687 1416 excitatur

449 1429 562 1473 duce
596 1428 829 1485 Spartaco.
881 1429 930 1472 L.
957 1429 1175 1473 Lucullus
1210 1430 1382 1473 bellum
1417 1432 1578 1474 contra
1602 1431 1686 1474 Mi·
1714 1396 1718 1479 i

447 1487 699 1589 {hridtatem
732 1488 873 1544 gerit,
917 1487 1128 1543 Cyzicum
1168 1489 1328 1532 urbem
1360 1489 1602 1533 obsidione
1635 1490 1687 1532 li·
1715 1482 1719 1552 j

483 1560 557 1590 era
576 1575 591 1591 -.

178 1555 287 1654 682!
326 1610 378 1649 72
450 1604 571 1650 Coss.
618 1605 674 1648 L.
712 1604 885 1649 Gellius
914 1606 1159 1662 Poplicola,
1196 1606 1275 1650 Cu.
1303 1605 1536 1651 Cornelius
1567 1606 1686 1651 Len·
1716 1555 1720 1674 ἰ
1757 1610 1812 1649 35

284 1658 288 1716 Ε
624 1665 747 1708 tulus
780 1664 1039 1708 Clodianus.
1717 1680 1721 1724 ι

285 1718 288 1756 ῑ
419 1755 421 1784 3
509 1723 728 1766 Lucullus
767 1723 1083 1766 Mithridatem
1128 1724 1176 1766 in
1218 1723 1414 1767 Pontum
1454 1724 1720 1780 persequi-¹

451 1785 538 1826 tur.
617 1781 864 1838 Spartacus
920 1784 1164 1838 utrumque
1223 1782 1457 1825 consulem
1511 1782 1686 1838 proelio

451 1839 609 1884 vincit.

452 1898 574 1943 Coss.
609 1897 689 1942 Cn.
722 1899 940 1952 Aufidius
976 1898 1168 1955 Orestes,
1213 1899 1268 1943 P.
1303 1899 1538 1943 Cornelius
1568 1898 1688 1943 Len-

628 1959 750 2001 tulus
781 1959 915 2001 Sura.

510 2015 806 2060 Mithridates
846 2016 905 2060 ad
944 2030 1164 2073 generum
1196 2031 1327 2060 suum
1361 2015 1610 2071 Tigranem
1641 2017 1690 2059 in

453 2075 717 2119 Armeniam
742 2075 875 2130 fugit.
914 2075 1161 2131 Spartacus
1187 2088 1214 2117 a
1234 2076 1293 2119 M.
1310 2074 1488 2118 Licinio
1505 2073 1690 2118 Crasso6

451 2136 661 2189 praetore
700 2134 876 2189 proelio
917 2137 1065 2177 victus
1104 2135 1236 2190 perit.
1310 2134 1527 2177 Extremo
1570 2148 1688 2177 anno

452 2193 697 2249 Pompeius
723 2192 918 2248 Magnus
948 2192 1071 2237 bello
1099 2192 1363 2236 Sertoriano
1391 2192 1600 2236 confecto
1634 2207 1690 2236 ex

451 2250 676 2307 Hispania
713 2251 876 2305 redux,
918 2251 1081 2295 deletis
1121 2251 1330 2307 reliquiis
1365 2251 1689 2308 gladiatorum,

451 2309 751 2365 triumphat.⁷

454 2368 575 2413 Coss.
627 2368 706 2471 gn.
766 2368 1005 2424 Pompeius
1066 2370 1295 2426 Maynus,
1352 2369 1422 2411 M.
1480 2367 1694 2412 Licinius
1721 2384 1725 2403 ·
1762 2372 1814 2411 37

666 2440 834 2472 russas.

181 1903 263 1943 683
328 1904 381 1942 71

1758 1904 1813 1943 36

182 2372 267 2412 684
329 2372 384 2411 70

287 2521 291 2549 ι

184 2775 196 2781 -
289 2737 330 2788 1)
372 2735 428 2778 de
467 2734 635 2779 Roscio
684 2734 763 2778 cfr.
806 2736 862 2780 de
904 2735 976 2779 Or.
1018 2736 1052 2788 I,
1089 2739 1172 2779 128
1214 2749 1312 2791 sqq.
1346 2734 1447 2777 Val.
1480 2733 1604 2777 Max.
1643 2732 1769 2786 VIII,
1808 2738 1846 2776 7.

168 2796 213 2845 2)
244 2794 369 2837 Brut.
403 2798 501 2838 318.
535 2794 584 2837 in
615 2793 707 2837 Pis.
745 2800 782 2837 1.
904 2796 947 2849 3)
981 2795 1028 2837 in
1058 2793 1251 2836 Verrem
1282 2793 1336 2845 Il,
1363 2797 1402 2846 5,
1430 2796 1498 2836 35.
1534 2792 1666 2836 Tusc.
1695 2792 1750 2844 V,
1777 2797 1846 2834 61.

168 2854 212 2907 4)
237 2866 320 2908 pro
343 2850 498 2896 Plane.
527 2857 594 2895 64.
703 2854 749 2908 5)
773 2866 856 2909 pro
876 2852 1053 2897 Cluent.
1078 2857 1150 2896 49.
1183 2852 1309 2896 Verr.
1337 2851 1391 2904 II,
1421 2857 1458 2905 1,
1487 2855 1586 2894 139.
1697 2852 1742 2905 6)
1768 2851 1847 2894 cfr.

167 2911 216 2954 in
246 2910 337 2953 Pis.
372 2914 440 2954 58.
534 2916 576 2965 7)
608 2925 691 2967 pro
723 2910 826 2968 lege
859 2915 982 2956 Man.
1017 2915 1085 2954 28.
1119 2924 1205 2967 pro
1239 2910 1355 2954 Sest.
1382 2914 1451 2953 67.

514 2484 671 2530 Cicero
712 2485 876 2530 aedilis
911 2486 1207 2542 designatus,
1242 2484 1498 2529 Siculorum
1533 2487 1692 2539 patro-

455 2543 575 2588 cinio
618 2547 853 2601 suscepto,
887 2544 934 2588 C.
966 2545 1178 2598 Verrem,
1221 2545 1300 2600 qui
1341 2542 1548 2587 Siciliam
1588 2558 1692 2599 pro-

453 2604 654 2647 vinciam
699 2617 781 2660 per
827 2604 1076 2647 triennium
1117 2602 1292 2659 rapinis
1332 2607 1380 2646 et
1418 2602 1692 2646 crudelitate
