2075 3235
4 0 27 247 -ss-w-am

518 96 698 140 LIBER
728 97 806 142 IV.
871 97 998 142 CAP.
1043 102 1232 142 44—45.
1297 104 1544 152 §56—58.
1790 103 1896 155 105

206 219 327 272 61116
384 236 480 272 6110
535 218 776 287 periculo
836 221 1177 287 exspectant,
1228 218 1286 270 hi
1342 220 1613 288 sapientes
1670 224 1897 290 putandi

207 296 353 360 sunt,
395 310 516 344 cum
559 295 613 344 et
653 310 797 359 eum,
840 311 999 360 quem
1040 291 1259 360 debent,
1300 292 1563 346 honorem
1604 295 1681 346 rei
1720 296 1892 364 publi-

206 385 298 419 cae
338 365 566 418 reddunt
608 369 661 418 et
701 384 799 436 pro
841 366 1031 418 multis
1071 366 1247 435 perire
1289 367 1521 435 malunt,
1572 387 1734 437 quam
1775 388 1895 422 cum

207 440 411 492 multis.
473 439 694 493 Etenim
726 440 1075 493 vehementer
1109 443 1191 491 est
1228 440 1472 509 iniquum
1506 441 1691 511 vitam,
1734 462 1895 512 quam

160 530 180 562 5
207 533 238 566 6
288 518 486 567 natura
536 517 812 582 acceptam
858 516 1082 583 propter
1123 514 1359 581 patriam
1400 516 1753 585 conservariS,
1802 535 1895 570 na-

205 592 359 640 turae
393 606 514 640 cum
546 592 708 658 cogat
740 587 974 656 reddere,
1014 588 1226 657 patriae
1269 607 1390 641 cum
1423 593 1580 659 roget
1611 608 1723 642 non
1755 591 1896 661 dare,

207 664 321 730 [et,]
372 681 492 715 cum
539 662 716 731 possis
768 681 888 714 cum
937 680 1149 714 summa
1195 662 1399 715 virtute
1449 666 1502 715 et
1550 664 1756 717 honore
1795 683 1894 733 pro

203 736 385 805 patria
430 736 675 803 interire,
730 735 894 788 malle
949 753 1046 804 per
1098 735 1323 788 dedecus
1378 739 1432 789 et
1478 737 1756 807 ignaviam
1798 739 1896 805 [vi-

204 813 376 879 vere]3
416 829 513 879 pro
550 809 735 862 amicis
770 813 824 862 et
853 809 1171 879 parentibus
1208 812 1286 876 [et
1319 811 1513 863 ceteris
1553 813 1895 878 necessariis]

139 899 182 932 ιο
206 884 352 937 adire
392 885 704 953 periculum,
754 902 852 952 pro
894 902 951 935 re
991 883 1230 952 publica,
1278 884 1337 935 in
1377 903 1482 953 qua
1527 886 1604 950 [et
1643 886 1776 938 haec
1818 889 1894 952 613]

204 958 342 1011 illud
383 958 784 1012 sanctissimum
822 957 1034 1026 patriae
1065 976 1264 1010 nomen
1297 958 1619 1027 continetur,
1659 960 1807 1012 nolle
1840 960 1898 1012 in

206 1032 492 1085 discrimen
539 1032 737 1085 venire.
811 1031 899 1084 Ita
945 1031 1028 1084 uti
1076 1032 1498 1085 contemnendus
1548 1036 1654 1101 est,
1710 1034 1801 1102 qui
1840 1034 1896 1085 in

203 1107 425 1177 navigio
461 1109 693 1176 †navem
721 1124 883 1175 quam
910 1124 966 1158 sc
991 1107 1202 1159 mavult
1226 1107 1568 1175 incolumem,
1602 1108 1734 1159 item
1759 1108 1895 1160 vitu-

205 1181 496 1249 peranduS‚
552 1181 643 1248 qui
694 1181 751 1232 in
796 1180 874 1232 rei
921 1180 1170 1249 publicae
1229 1180 1534 1233 discrimine
1592 1199 1718 1233 suae
1771 1182 1895 1250 plus

139 1269 180 1302 15
207 1274 371 1324 quam
433 1254 705 1308 communi
762 1254 925 1306 saluti
980 1254 1229 1307 consulit.
1324 1253 1466 1308 Navi
1522 1255 1665 1307 enim
1719 1255 1896 1309 fracta

205 1329 365 1382 multi
396 1329 692 1382 incolumes
725 1328 1005 1397 fugerunt,
1050 1346 1112 1380 ex
1144 1327 1431 1397 naufragio
1465 1329 1677 1397 patriae
1713 1330 1895 1382 salvus

203 1421 363 1456 nemo
404 1405 587 1470 potest
627 1405 862 1454 enatare.
927 1400 1079 1462 Quod
1113 1402 1248 1453 mihi
1280 1402 1417 1455 bene
1451 1402 1665 1456 videtur
1697 1402 1895 1456 Decius

203 1477 553 1544 intellexisse,
595 1476 686 1544 qui
728 1494 783 1528 se
825 1475 1104 1528 devovisse
1138 1476 1334 1528 dicitur
1367 1480 1422 1528 et
1454 1494 1554 1546 pro
1588 1477 1896 1546 legionibus

204 1551 261 1603 in
299 1550 486 1604 hostes
525 1550 817 1602 immisisse
858 1550 1088 1617 medios3
1131 1550 1314 1616 [unde]
1351 1550 1536 1603 amisit
1566 1550 1753 1617 vitam,
1793 1553 1895 1617 [at]

139 1640 182 1671 20
204 1643 314 1677 non
345 1625 594 1693 perdidit.
662 1624 742 1676 Re
776 1624 918 1675 enim
954 1624 1242 1689 [vilissima
1280 1626 1356 1689 613]
1392 1643 1563 1693 parva
1602 1625 1896 1677 maximam

205 1698 448 1751 redemit.
525 1697 714 1749 Vitam
764 1697 931 1765 dedit,
981 1697 1187 1766 accepit
1233 1698 1496 1766 patriam3
1553 1698 1738 1750 amisit
1787 1700 1896 1750 ani-

206 1792 376 1839 mam,
423 1771 628 1841 potitus
678 1774 760 1823 est
808 1771 1064 1840 gloriam,
1121 1789 1256 1839 quae
1308 1789 1428 1824 cum
1478 1790 1689 1824 summa
1738 1771 1896 1824 laude

205 1847 422 1916 prodita
461 1848 733 1898 vetustate
774 1844 969 1898 cotidie
1009 1845 1186 1914 magis
1225 1845 1488 1898 enitescit.
1561 1844 1764 1906 Quodsi
1795 1864 1895 1915 pro

205 1939 263 1974 re
308 1919 528 1991 publica
575 1920 759 1972 decere
809 1919 1057 1971 accedere
1103 1919 1404 1987 periculum
1453 1923 1508 1972 et
1553 1919 1763 1972 ratione
1812 1920 1896 1971 de-

141 2010 182 2043 25
208 1997 573 2048 monstratum
606 1996 689 2046 est
722 1996 776 2046 et
809 1993 1055 2061 exemplo
1089 1993 1518 2062 comprobatum,
1550 1993 1589 2044 ii
1623 1994 1895 2062 sapientes

210 2073 337 2122 sunt
377 2068 738 2132 existimandi,
781 2067 872 2136 qui
911 2067 1120 2119 nullum
1159 2085 1259 2135 pro
1302 2068 1474 2120 salute
1514 2068 1725 2137 patriae
1758 2068 1894 2136 peri-

209 2144 390 2198 culum
428 2141 640 2195 vitant?
718 2141 784 2194 In
823 2141 908 2193 his
948 2141 1117 2211 igitur
1157 2141 1444 2212 generibus
1488 2142 1745 2210 expolitio
1781 2159 1894 2193 ver-

212 2220 385 2286 satur,
436 2216 499 2268 de
541 2234 648 2285 qua
700 2215 951 2285 producti
1005 2233 1213 2284 sumus,
1263 2219 1323 2268 ut
1373 2216 1533 2285 plura
1585 2216 1924 2283 diceremus?

210 2291 353 2360 quod
406 2308 516 2343 non
569 2289 729 2342 modo
743 2332 756 2358 ,
812 2308 934 2343 cum
985 2308 1203 2343 causam
1257 2289 1510 2358 (1101111116,
1568 2289 1787 2341 adiuvat
1842 2293 1896 2341 et

142 2380 185 2412 30
209 2368 434 2418 exornat
473 2364 790 2432 orationem,
832 2364 926 2416 sed
964 2364 1138 2417 multo
1180 2363 1413 2416 maxime
1452 2381 1548 2432 per
1590 2381 1709 2415 eam
1751 2380 1896 2414 exer-

210 2458 392 2493 cemur
448 2437 514 2491 ad
568 2438 887 2491 elocutionis
937 2438 1268 2491 facultatem.
1357 2437 1555 2504 [Quare
1611 2436 1894 2489 conveniet

210 2517 363 2566 extra
411 2529 629 2566 causam
674 2512 733 2564 in
779 2513 1069 2566 exercendo
1118 2512 1356 2564 rationes
1398 2510 1653 2563 adhibere
1695 2511 1895 2580 expoli-

208 2587 397 2656 tioniS‚
444 2587 501 2639 in
549 2585 770 2639 dicendo
809 2586 913 2654 uti,
965 2604 1087 2639 cum
1128 2585 1508 2638 exornabimus
1551 2587 1894 2655 argumenta-

208 2662 427 2730 tionem,
469 2679 575 2729 qua
615 2660 679 2712 de
718 2677 776 2712 re
817 2659 1049 2713 diximus
1089 2660 1146 2712 in
1184 2660 1326 2711 libro
1369 2658 1638 2725 secundo]

1928 2143 1984 2183 58

141 2749 183 2783 35
359 2733 730 2789 Commoratio
783 2737 890 2802 est,
944 2753 1063 2788 cum
1113 2734 1169 2785 in
1220 2734 1338 2785 loco
1390 2733 1731 2802 firmissimo,
1787 2750 1891 2801 quo
1911 2731 1982 2784 45

208 2813 329 2863 tota
368 2826 530 2863 causa
570 2808 891 2876 continetur,
932 2811 1182 2861 manetur
1223 2807 1424 2859 diutius
1465 2809 1519 2859 et
1560 2807 1746 2860 eodem
1783 2825 1893 2859 666»

207 2884 329 2954 pius
389 2883 609 2937 reditur.
696 2880 816 2935 Hac
875 2883 955 2947 uti
1010 2881 1242 2934 maxime
1295 2880 1546 2934 convenit
1601 2884 1655 2933 et
1705 2879 1760 2932 id
1812 2883 1894 2931 est
