2080 3204
187 128 254 181 18
743 128 824 173 AD
859 129 905 174 C.
938 128 1306 173 HERENNIUM

186 249 498 319 stultitiam,
539 249 979 316 adulescentiam,
1018 250 1150 318 vim,
1188 250 1613 318 persuasionem3
1664 249 1857 318 quibus

185 324 249 376 de
302 325 460 377 rebus
516 324 836 392 vituperatio
893 340 1098 390 eorum,
1155 340 1288 390 quae
1346 327 1496 376 extra
1548 323 1602 374 id
1657 324 1857 375 crimen

186 402 357 465 erunt,
395 416 499 450 non
537 398 727 449 debeat
768 396 1056 464 adsignari.
1121 394 1214 447 Sin
1246 396 1590 449 vehementer
1621 396 1855 449 hominis

185 472 516 540 turpitudine
547 470 868 539 impedietur
901 472 953 520 et
984 468 1223 537 infamia,
1261 469 1408 538 prius
1443 471 1591 522 dabit
1624 488 1856 540 operam,

183 549 245 597 ut
283 545 450 597 falsos
491 561 732 595 rumores
766 542 1054 611 dissipatos
1092 539 1249 612 [esse]
1285 543 1427 595 dicat
1467 544 1528 595 de
1560 544 1856 611 innocente,
1902 557 1923 590 5

186 622 239 670 et
270 622 452 670 utetur
483 618 601 670 loco
636 616 919 684 communi,
951 617 1255 668 rumoribus
1289 617 1432 669 credi
1461 635 1571 669 non
1595 620 1855 686 oportere.

186 691 280 744 Sin
319 692 454 743 nihil
496 709 679 742 eorum
731 690 847 742 fieri
894 689 1118 759 poterit,
1165 692 1350 742 utatur
1395 693 1633 742 extrema
1679 690 1858 742 defen-

185 766 354 818 sione:
403 764 545 817 dicat
589 782 697 816 non
746 781 801 816 se
849 763 912 815 de
960 763 1201 816 moribus
1250 764 1362 815 eius
1411 763 1552 833 apud
1598 781 1858 831 censoreS,

186 857 239 891 se
288 838 350 890 de
399 838 709 890 criminibus
759 837 1189 889 adversariorum
1237 837 1378 907 apud
1422 837 1622 890 iudices
1671 837 1858 890 dicere.

186 911 433 965 Conlatio
490 916 591 980 est,
653 930 773 964 cum
837 914 1114 963 accusator
1167 911 1242 978 id,
1299 911 1440 980 quod
1495 911 1857 964 adversarium
1884 927 1925 959 10

184 985 374 1038 fecisse
429 986 764 1053 criminatur,
820 985 911 1037 alii
956 985 1159 1036 nemini
1204 985 1311 1037 nisi
1357 1003 1447 1038 reo
1501 985 1644 1037 bono
1691 984 1858 1036 fuisse

187 1059 536 1127 demonstrat,
577 1063 669 1112 aut
703 1059 870 1111 alium
901 1059 1169 1110 neminem
1200 1059 1440 1128 potuisse
1470 1059 1723 1128 perficere
1754 1058 1860 1110 nisi

186 1133 567 1201 adversarium,
609 1136 702 1192 aut
742 1151 863 1185 eum
901 1133 1078 1201 ipsum
1119 1133 1240 1184 aliis
1279 1133 1579 1185 rationibus
1621 1135 1714 1184 aut
1751 1150 1861 1184 non

184 1207 425 1276 potuisse
474 1210 567 1259 aut
616 1225 726 1259 non
773 1225 937 1275 aeque
987 1207 1261 1258 commode
1307 1207 1548 1276 potuisse
1596 1208 1690 1258 aut
1738 1224 1858 1258 eum

184 1281 390 1351 fugisse
446 1281 614 1347 [illas]
663 1281 901 1333 rationes
949 1281 1337 1332 commodiores
1384 1283 1605 1349 propter
1653 1279 1855 1349 cupidi-
1882 1296 1923 1328 15

185 1359 370 1407 tatem.
448 1353 589 1420 [Hoc
635 1355 777 1420 loco]
828 1354 1073 1406 defensor
1122 1354 1451 1406 demonstret
1502 1356 1716 1423 oportet
1767 1356 1861 1406 aut

187 1429 306 1482 aliis
356 1446 566 1497 quoque
620 1429 761 1481 bono
809 1427 975 1480 fuisse
1023 1430 1116 1480 aut
1164 1428 1298 1480 alios
1340 1446 1548 1497 quoque
1587 1427 1662 1496 id,
1719 1427 1859 1496 quod

186 1503 301 1572 ipse
331 1502 690 1570 insimuletur,
721 1502 895 1554 facere
920 1502 1176 1569 potuisse.
1226 1500 1453 1570 Signum
1478 1505 1574 1569 est,
1597 1519 1693 1571 per
1719 1501 1860 1569 quod

187 1576 483 1628 ostenditur
511 1576 701 1628 idonea
727 1575 1036 1644 perficiendi
1067 1576 1299 1627 facultas
1333 1593 1449 1628 esse
1481 1576 1736 1644 quaesita.
1797 1574 1860 1626 Id

133 886 168 932 4

128 957 152 996 6

188 1649 471 1701 dividitur
458 1668 513 1700 1n
529 1653 713 1718 partes
745 1668 855 1701 sex:
881 1650 1074 1716 locum,
1098 1652 1326 1717 tempUS,
1353 1649 1605 1718 spatium,
1631 1649 1859 1701 occasio·
1884 1665 1928 1697 20

131 1739 153 1777 7
187 1742 325 1790 nem,
353 1741 502 1792 spem
519 1723 845 1792 perficiendi,
862 1741 1013 1792 spem
1031 1723 1253 1774 celandi.
1284 1722 1456 1775 Locus
1477 1722 1763 1791 quaeritur,
1781 1741 1860 1775 ce-

186 1798 351 1849 lebris
372 1816 439 1848 an
457 1797 712 1865 desertus,
731 1815 940 1864 semper
958 1797 1198 1848 desertus
1219 1815 1287 1848 an
1303 1800 1433 1863 tum,
1453 1815 1573 1849 cum
1589 1796 1643 1849 id
1659 1796 1862 1856 factum

189 1871 275 1939 sit,
318 1871 395 1936 [in
434 1889 494 1922 eo
535 1871 654 1923 loco
696 1871 968 1939 solitudo],
1011 1889 1158 1922 sacer
1199 1889 1267 1922 an
1304 1870 1577 1940 profanUS,
1615 1871 1860 1939 publicus

189 1963 257 1998 an
295 1944 538 2013 privatus
577 1944 764 2012 fuerit3
805 1944 1100 1997 cuiusmodi
1132 1945 1237 1997 loci
1269 1944 1555 2013 attingant,
1594 1962 1739 2012 num,
1772 1943 1862 2012 qui

189 2021 271 2070 est
309 2036 516 2087 paSSUS,
554 2021 879 2087 perspectuS,
921 2018 1200 2070 exauditus
1242 2036 1293 2069 03
1287 2036 1355 2069 30
1387 1987 1574 2086 possit
1650 2017 1903 2070 Horum
1885 2033 1926 2064 5

190 2091 315 2161 quid
361 2110 474 2159 re0,
526 2092 651 2160 quid
692 2092 991 2144 accusatori
1030 2092 1330 2159 conveniat,
1377 2092 1724 2160 perscribere
1752 2109 1862 2144 non

191 2183 558 2236 gravaremur,
611 2165 717 2217 nisi
777 2165 934 2218 facile
996 2165 1169 2233 quivis
1226 2184 1386 2218 causa
1447 2166 1626 2234 posita
1678 2168 1862 2235 posset

188 2239 436 2291 iudicare.
504 2238 670 2291 Initia
710 2239 851 2290 enim
883 2239 1208 2291 inventionis
1250 2240 1316 2291 ab
1360 2242 1472 2291 arte
1513 2239 1708 2292 debent
1738 2257 1861 2308 pro-

187 2313 368 2381 ficisci,
409 2316 584 2365 cetera
625 2313 825 2379 [facile]
861 2313 1196 2381 comparabit
1230 2313 1551 2366 exercitatio.
1628 2313 1859 2381 Tempus

187 2387 265 2439 ita
298 2387 591 2455 quaeritur:
634 2387 760 2455 quid
793 2386 918 2438 anni
952 2388 1078 2455 [qua
1109 2386 1283 2454 hora],
1322 2389 1484 2439 noctu
1517 2406 1585 2439 an
1614 2386 1861 2455 interdiU,
1886 2401 1929 2433 30

191 2463 244 2513 et
278 2479 381 2528 qua
415 2460 513 2529 die,
553 2479 658 2529 qua
688 2461 860 2512 noctis
892 2460 1028 2512 hora
1064 2459 1268 2512 factum
1301 2478 1415 2512 0330
1449 2461 1656 2513 dicatur
1686 2463 1740 2512 et
1769 2478 1862 2513 cur

191 2534 451 2586 eiusmodi
518 2535 872 2603 temporibus,
972 2531 1215 2602 Spatium
1275 2534 1354 2586 ita
1415 2534 1860 2587 considerabitur:

192 2608 391 2659 satisne
439 2608 662 2677 longum
716 2608 880 2660 fuerit
935 2608 1001 2659 ad
1049 2626 1165 2660 eam
1219 2625 1334 2659 rem
1390 2608 1859 2677 [transigendam];

193 2681 437 2732 scieritne
479 2682 611 2733 satis
646 2682 711 2734 ad
742 2681 796 2733 id
828 2681 1208 2750 perficiendum
1242 2682 1403 2749 spatii
1433 2682 1696 2750 futurum3
1733 2699 1860 2733 nam

190 2756 342 2822 parvi
380 2754 541 2806 refert
581 2755 712 2807 satis
746 2755 906 2823 spatii
946 2755 1110 2807 fuisse
1152 2754 1241 2820 [ad
1271 2755 1325 2806 id
1356 2755 1774 2825 perficiendumJ,
1816 2755 1927 2806 3135

190 2827 244 2879 id
286 2830 410 2879 ante
452 2828 574 2880 sciri
616 2832 667 2880 et
697 2830 905 2881 ratione
937 2827 1205 2897 provideri
1237 2846 1346 2881 non
1378 2830 1570 2897 potuit.
1641 2828 1859 2881 Occasio

193 2901 482 2969 quaeritur,
521 2901 777 2954 idoneane
810 2901 973 2954 fuerit
1012 2902 1078 2954 ad
1116 2920 1227 2954 rem
1260 2902 1601 2955 adoriendam
1648 2920 1717 2954 an
1757 2901 1864 2954 alia
