2075 3235
170 101 196 140 3
598 95 777 140 LIBER
808 95 839 139 I.
909 95 1032 140 CAP.
1068 101 1195 140 2—3.
1261 101 1284 149 ἓ
1318 102 1446 141 2—4.
1751 100 1853 150 119

171 215 434 267 tuissent?
521 214 769 267 Profecto
825 233 982 267 nemo
1041 215 1148 267 nisi
1207 217 1363 285 gravi
1411 235 1470 269 ac
1519 219 1669 270 suavi
1717 238 1853 272 com-

173 292 348 341 motus
389 288 646 357 oratione,
683 307 807 347 ¹cum
847 289 1051 341 viribus
1091 289 1387 358 plurimum
1427 295 1624 359 posset,
1666 293 1732 343 ad
1771 293 1852 344 ius

172 362 429 414 voluisset
486 362 599 413 sine
654 362 709 413 vi
763 362 1100 430 descendere,
1164 367 1224 414 ut
1286 363 1425 414 inter
1482 382 1614 432 quos
1670 370 1855 434 posset

173 435 450 503 excellere,
499 453 620 487 cum
659 436 724 487 iis
767 454 822 487 se
862 438 1138 504 pateretur
1179 436 1398 504 aequari
1438 441 1492 489 et
1532 456 1629 490 sua
1667 439 1854 490 volun·

126 522 148 553 5
172 511 280 560 tate
314 527 345 560 a
375 509 759 560 iucundissima
791 509 1172 561 consuetudine
1205 510 1491 579 recederet,
1533 529 1667 579 quae
1707 530 1855 580 prae-

172 582 357 634 sertim
397 582 506 634 iam
545 585 771 634 naturae
811 582 921 633 vim
954 582 1223 634 obtineret
1254 587 1478 652 propter
1513 588 1854 637 vetustatem.

169 655 249 707 Ac
303 655 479 723 primo
533 654 747 723 quidem
803 655 878 708 sic
927 658 980 707 et
1026 659 1156 707 nata
1203 660 1256 708 et
1303 675 1592 726 progressa
1638 659 1854 728 longius

170 729 476 796 eloquentia
522 729 734 780 videtur
782 731 835 780 et
881 728 1011 780 item
1059 732 1248 797 postea
1297 731 1544 782 maximis
1592 732 1649 783 in
1694 733 1853 784 rebus

169 802 318 871 pacis
360 805 413 854 et
453 803 582 854 belli
622 821 740 854 cum
782 802 1005 854 summis
1045 802 1326 855 hominum
1366 804 1698 857 utilitatibus
1740 824 1855 858 esse

104 889 144 919 10
169 879 407 943 versata3
454 880 743 944 postquam
791 894 918 928 vero
968 876 1319 928 commoditas
1363 877 1639 946 quaedam,
1691 898 1855 947 prava

167 949 387 1001 virtutis
430 949 718 1016 imitatrix,
757 949 869 1000 sine
909 949 1118 1001 ratione
1165 949 1353 1017 officii,
1398 950 1605 1002 dicendi
1646 953 1856 1020 copiam

168 1026 453 1075 consecuta
501 1027 603 1090 est,
658 1026 775 1074 tum
822 1022 1039 1092 ingenio
1087 1022 1226 1075 freta
1282 1024 1494 1075 malitia
1548 1030 1856 1094 pervertere

166 1096 327 1147 urbes
369 1100 421 1148 et
460 1096 600 1148 vitas
639 1095 920 1148 hominum
967 1096 1294 1149 labefactare
1337 1097 1595 1149 adsuevit.
1677 1099 1855 1167 Atque
1882 1099 1914 1151 3

166 1169 324 1220 liuius
351 1188 560 1237 quoque
593 1169 868 1221 exordium
902 1170 1048 1238 mali,
1082 1170 1336 1239 quoniam
1368 1171 1693 1240 principium
1727 1173 1856 1224 boni

101 1256 141 1286 15
167 1243 411 1310 diximus,
452 1243 791 1311 explicemus.

316 1315 447 1368 Veri
503 1316 840 1368 simillimum
896 1316 1030 1367 mihi
1078 1317 1287 1368 videtur
1335 1318 1568 1385 quodam
1615 1321 1856 1387 tempore
1890 1323 1916 1360 4

167 1407 337 1458 neque
388 1390 440 1440 in
489 1390 721 1458 publicis
762 1390 920 1441 rebus
962 1389 1197 1442 infantes
1240 1394 1292 1442 et
1331 1391 1648 1459 insipientes
1688 1392 1856 1444 homi·

165 1481 262 1515 nes
312 1463 503 1515 solitos
553 1481 668 1515 esse
716 1463 920 1515 versari
968 1482 1064 1515 nec
1113 1482 1238 1516 vero
1281 1464 1346 1515 ad
1387 1464 1628 1533 privatas
1670 1484 1854 1518 causas

167 1554 393 1607 magnos
451 1555 512 1589 ac
567 1537 796 1589 disertos
852 1537 1097 1589 homines
1155 1538 1424 1606 accedere,
1489 1538 1581 1590 sed
1644 1557 1764 1591 cum
1824 1559 1856 1592 a

99 1624 142 1656 20
169 1611 392 1662 summis
439 1610 569 1662 viris
610 1610 874 1662 maximae
915 1629 999 1662 res
1042 1611 1571 1680 administrarentur,
1620 1613 1856 1665 arbitror

167 1684 303 1736 alios
358 1683 524 1735 fuisse
578 1702 688 1736 non
741 1683 1024 1736 incallidos
1076 1684 1343 1753 homineS,
1401 1686 1492 1753 qui
1544 1686 1610 1738 ad
1658 1705 1853 1755 parvas

166 1757 561 1810 controversias
603 1757 941 1826 privatorum
989 1759 1313 1810 accederent.
1393 1759 1597 1820 Quibus
1638 1760 1694 1811 in
1736 1779 1855 1812 con-

166 1831 446 1883 troversiis
496 1849 616 1882 cum
665 1849 824 1899 saepe
865 1849 897 1883 a
937 1832 1213 1883 mendacio
1256 1834 1444 1884 contra
1482 1851 1668 1884 verum
1711 1837 1854 1885 stare

166 1905 412 1957 homines
446 1907 871 1972 consuescerent,
912 1905 1118 1957 dicendi
1160 1905 1454 1957 adsiduitas
1488 1906 1665 1957 induit
1698 1908 1855 1959 auda-

99 1990 141 2023 25
167 1979 320 2045 ciam,
359 1981 420 2030 ut
458 1977 759 2030 necessario
802 1979 1104 2046 superiores
1145 1979 1229 2030 illi
1268 1983 1490 2047 propter
1520 1979 1745 2032 iniurias
1787 1981 1855 2032 ci·

166 2052 314 2104 vium
368 2051 618 2103 resistere
675 2051 964 2104 audacibus
1021 2055 1074 2104 et
1137 2052 1396 2121 opitulari
1460 2053 1570 2105 suis
1628 2054 1853 2122 quisque

166 2125 482 2178 necessariis
535 2128 829 2195 cogeretur.
914 2126 1105 2194 Itaque
1155 2145 1274 2178 cum
1321 2126 1376 2178 in
1426 2125 1647 2179 dicendo
1697 2146 1854 2197 saepe

166 2217 286 2267 par,
332 2216 737 2266 nonnumquam
786 2198 951 2251 etiam
992 2200 1235 2268 superior
1275 2200 1420 2251 visus
1463 2204 1605 2252 esset
1644 2201 1712 2268 13,
1763 2202 1853 2269 qui

168 2272 368 2324 omisso
404 2271 581 2324 studio
615 2272 910 2341 sapientiae
941 2273 1078 2325 nihil
1112 2273 1213 2325 sibi
1246 2276 1460 2342 praeter
1488 2274 1853 2342 eloquentiam

99 2360 142 2391 30
167 2348 556 2413 comparasset,
595 2346 782 2413 fiebat,
828 2350 889 2398 ut
929 2351 982 2398 et
1022 2347 1385 2399 multitudinis
1427 2350 1480 2398 et
1520 2365 1615 2399 suo
1656 2348 1851 2400 iudicio

166 2419 383 2501 dignUS,
433 2418 525 2486 qui
570 2437 684 2471 rem
730 2420 1003 2488 publicam
1051 2424 1282 2490 gereret
1339 2420 1626 2473 viderzetui
1710 2420 1851 2474 Hinc

166 2492 421 2544 nimirum
471 2494 602 2557 [non
648 2492 865 2560 1n1ur1a]
877 2536 890 2562 ,
939 2513 1060 2546 cum
1113 2494 1179 2546 ad
1230 2494 1596 2563 gubernacula
1644 2494 1721 2546 rei
1759 2514 1851 2563 pu-

164 2566 338 2618 blicae
385 2565 658 2618 temerarii
709 2571 868 2648 atque
918 2568 1145 2620 audaces
1193 2567 1439 2619 homines
1499 2573 1849 2636 accesseiQant

166 2639 401 2690 maxima
435 2657 495 2690 ac
528 2639 831 2692 miserrima
862 2641 1148 2710 naufragia
1180 2641 1395 2692 fiebant.
1452 2639 1655 2701 Quibus
1689 2643 1848 2694 rebus

98 2726 140 2758 35
165 2715 381 2764 tantum
415 2712 523 2764 odii
556 2715 716 2780 atque
748 2713 980 2766 invidiae
1022 2714 1256 2782 suscepit
1297 2714 1619 2783 eloquentia,
1659 2719 1719 2767 ut
1758 2716 1849 2768 ho-

166 2786 335 2838 mines
376 2785 820 2855 ingeniosissimi,
871 2788 1025 2856 quasi
1065 2806 1128 2839 ex
1168 2787 1350 2856 aliqua
1389 2788 1607 2840 turbida
1647 2792 1847 2858 tempe-

164 2862 306 2912 state
354 2859 410 2910 in
457 2863 698 2928 portum,
747 2860 822 2913 sic
863 2879 926 2913 ex
967 2861 1222 2913 seditiosa
1263 2879 1323 2913 ac
1363 2863 1696 2914 tumultuosa
1737 2863 1848 2914 vita
