2075 3235
438 146 619 190 meaa
649 147 726 191 1v.
784 147 912 193 cAP.
949 151 1133 192 17-18.
1192 152 1216 200 5
1248 153 1435 192 24-25.
1707 150 1773 202 81

103 285 269 336 aeque
309 270 391 320 est
419 267 482 334 is,
523 267 613 335 qui
652 285 760 320 non
794 268 924 319 satis
956 267 1134 332 habet,
1176 271 1230 319 et
1260 268 1321 333 is,
1361 268 1444 320 cui
1478 269 1607 320 satis
1640 269 1777 322 nihil

100 343 283 410 potest
314 338 462 392 esse.'
525 340 690 392 Item:
732 339 970 409 ‘Optima
1001 340 1214 392 vivendi
1245 340 1384 392 ratio
1420 344 1500 393 est
1531 342 1776 410 eligenda

102 432 266 482 eaque
314 413 598 466 iucundam
660 413 1093 466 consuetudinem
1150 413 1368 466 reddet.⁹
1455 414 1777 467 Huiusmodi

103 486 395 539 sententiae
437 486 705 555 simplices
745 505 853 539 non
893 489 1019 537 sunt
1050 487 1451 555 improbandae,
1491 491 1777 556 propterea

57 574 79 607 5
105 559 246 628 quod
283 559 485 611 habent
524 561 676 612 brevi
716 560 1069 628 expositione,
1111 560 1157 610 si
1196 561 1423 612 rationis
1463 562 1661 613 nullius
1700 563 1776 613 in·

101 633 301 702 digent,
342 650 596 701 magnam
634 633 1056 685 delectationem.
1113 632 1214 685 Sed
1248 634 1384 685 illud
1417 652 1627 703 quoque
1657 654 1777 703 pro-

99 706 339 758 bandum
394 710 476 758 est
526 723 692 775 genus
743 706 1062 774 sententiae,
1119 706 1259 774 quod
1317 725 1427 759 non
1473 708 1778 760 infirmatur

101 780 430 832 subiectione
469 780 719 847 rationiS,
766 780 867 832 hoc
905 782 1083 848 pacto:
1135 778 1351 831 ‘Omnes
1394 781 1526 832 bene
1565 782 1778 833 vivendi

98 853 334 905 rationes
375 854 431 904 in
470 853 666 905 virtute
707 855 832 904 sunt
871 852 1251 920 conlocandae,
1298 858 1587 922 propterea
1635 855 1778 923 quod

34 941 78 973 1⁰
103 927 219 979 sola
271 927 442 978 virtus
498 927 554 977 in
610 944 705 978 sua
766 929 1037 995 potestate
1094 929 1195 992 est,
1259 927 1442 978 omnia
1498 931 1778 995 praeterea

101 999 340 1052 subiecta
372 1003 496 1051 sunt
529 1000 627 1051 sub
660 1000 907 1052 fortunae
941 998 1396 1052 dominationem'.
1458 1000 1619 1052 Item:
1656 1000 1776 1062 ‘Qui

98 1073 330 1126 fortunis
373 1074 594 1125 alicuius
627 1073 831 1125 inducti
864 1074 1157 1125 amicitiam
1191 1073 1301 1125 eius
1336 1074 1505 1126 secuti
1540 1078 1682 1140 sunt,
1723 1075 1778 1142 ii,

100 1147 260 1198 simul
300 1165 360 1199 ac
406 1146 625 1198 fortuna
664 1146 872 1215 dilapsa
920 1151 1023 1214 est,
1072 1147 1325 1199 devolant
1366 1165 1564 1199 omnes.
1643 1147 1777 1200 Cum

99 1220 243 1272 enim
283 1220 530 1272 discessit
568 1237 630 1272 ea
675 1238 783 1287 reS,
834 1238 968 1289 quae
1007 1220 1112 1271 fuit
1160 1221 1560 1272 consuetudinis
1602 1239 1778 1289 causa,

33 1307 75 1340 15
98 1293 235 1345 nihil
275 1297 532 1362 superest,
573 1311 734 1361 quare
766 1293 979 1361 possint
1009 1294 1066 1345 in
1099 1293 1335 1345 amicitia
1373 1294 1579 1346 teneri.’
1643 1293 1780 1346 Sunt

97 1367 228 1419 item
263 1367 572 1431 sententiae,
605 1385 739 1434 quae
773 1367 1059 1435 dupliciter
1092 1367 1399 1418 efferuntur.
1468 1367 1586 1419 Hoc
1616 1369 1777 1420 modo

100 1441 212 1492 sine
258 1440 487 1492 ratione:
540 1438 789 1507 ‘Errant,
842 1440 932 1508 qui
978 1440 1035 1491 in
1066 1441 1337 1508 prosperis
1383 1440 1542 1492 rebus
1594 1459 1777 1494 omnes

97 1514 330 1582 impetus
363 1513 612 1565 fortunae
647 1531 702 1565 se
734 1516 931 1582 putant
960 1512 1191 1582 fugisse,
1226 1513 1498 1582 sapienter
1523 1514 1779 1584 cogitant,

99 1587 190 1656 qui
228 1587 562 1655 temporibus
605 1587 847 1639 secundis
888 1605 1042 1639 casus
1095 1587 1348 1640 adversos
1388 1587 1777 1639 reformidant?

30 1674 75 1707 20
99 1659 235 1712 Cum
273 1662 503 1728 ratione,
541 1660 643 1712 hoc
682 1663 865 1728 pacto:
917 1659 1039 1720 ‘Qui
1079 1660 1500 1712 adulescentium
1539 1661 1776 1730 peccatis

97 1734 306 1803 ignosci
367 1737 562 1802 putant
615 1737 884 1802 oportere,
942 1734 1228 1801 falluntur,
1290 1737 1579 1802 propterea
1638 1734 1780 1803 quod

100 1810 248 1859 aetas
288 1807 385 1859 illa
422 1824 532 1859 non
570 1810 653 1858 est
700 1807 1085 1876 impedimento
1135 1807 1290 1859 bonis
1342 1807 1548 1859 studiis.
1625 1807 1702 1859 At
1740 1808 1779 1859 ii

100 1881 370 1950 sapienter
408 1880 635 1947 faciunt,
685 1881 776 1949 qui
817 1880 1182 1933 adulescentes
1223 1881 1453 1932 maxime
1494 1880 1779 1950 castigant,

97 1957 174 2022 ut,
213 1954 408 2023 quibus
447 1954 738 2006 virtutibus
780 1972 993 2006 omnem
1035 1954 1204 2005 vitam
1244 1953 1384 2005 tueri
1421 1954 1648 2022 possint,
1689 1972 1778 2006 eas

30 2041 73 2075 25
96 2027 155 2079 in
193 2031 370 2080 aetate
416 2028 786 2079 maturissima
832 2027 999 2079 velint
1047 2026 1393 2095 comparare.9
1471 2025 1777 2079 Sententias

96 2101 369 2170 interponi
415 2119 537 2153 raro
584 2101 855 2169 convenit,
901 2105 963 2153 ut
1008 2101 1084 2152 rei
1132 2104 1363 2168 actoreS,
1411 2118 1521 2153 non
1567 2101 1780 2153 vivendi

96 2177 473 2243 praeceptores
514 2174 786 2226 videamur
839 2192 970 2227 esse.
1047 2173 1183 2227 Cum
1229 2175 1308 2226 ita
1352 2174 1778 2243 interponentur,

99 2247 329 2299 multum
378 2247 619 2299 adferent
673 2249 998 2316 ornamenti;
1052 2264 1268 2300 necesse
1317 2250 1400 2299 est
1449 2248 1592 2299 enim
1640 2265 1778 2299 com-

96 2321 290 2389 probet
344 2320 523 2372 animo
581 2321 778 2374 tacitus
837 2322 1070 2389 auditor,
1133 2339 1254 2373 cum
1313 2320 1380 2372 ad
1440 2338 1656 2372 causam
1707 2320 1779 2371 vi-

32 2394 224 2446 sedeat
273 2393 670 2446 adcommodari
716 2412 830 2447 rem
885 2398 1110 2462 certam,
1165 2412 1229 2446 ex
1276 2395 1390 2446 vita
1437 2398 1491 2445 et
1538 2394 1777 2446 moribus

98 2472 384 2536 sumptam.

1810 1677 1866 1716 25

247 2539 613 2606 [Contrarium
637 2541 778 2592 idem
811 2541 922 2593 fere
957 2544 1054 2608 est,
1088 2541 1228 2610 quod
1262 2540 1572 2606 contentio]
1639 2538 1779 2592 Con-
1800 2541 1864 2592 18

97 2613 323 2665 trarium
378 2618 483 2679 est,
532 2613 674 2682 quod
723 2632 787 2666 ex
827 2615 985 2667 rebus
1037 2614 1259 2666 diversis
1301 2613 1507 2665 duabus
1551 2613 1778 2665 alteram

98 2687 271 2739 altera
308 2687 543 2739 breviter
583 2690 637 2738 et
674 2687 831 2740 facile
871 2688 1175 2753 confirmat,
1224 2687 1326 2738 hoc
1363 2689 1550 2754 pacto:
1601 2685 1778 2753 eNam,

30 2773 74 2807 35
99 2760 190 2828 qui
230 2760 340 2812 suis
381 2759 680 2812 rationibus
720 2760 967 2813 inimicus
1006 2760 1170 2812 fuerit
1209 2777 1440 2828 semper,
1491 2778 1613 2811 eum
1653 2777 1779 2827 quo-

98 2833 257 2885 modo
292 2833 482 2885 alienis
506 2833 666 2885 rebus
699 2834 929 2886 amicum
960 2833 1074 2886 fore
1103 2850 1282 2901 speres
1297 2832 1344 2884 ‘?'
1405 2832 1566 2885 Item:
1602 2832 1671 2884 eN
1677 2850 1777 2897 am,

97 2925 255 2975 quem
294 2908 350 2958 in
390 2906 628 2958 amicitia
673 2907 1020 2975 perfidiosum
1069 2906 1406 2975 cognoveriS,
1454 2924 1575 2957 eum
1617 2922 1777 2973 quare

186 2998 276 3032 CIG.
299 3000 330 3032 Ι.
1397 2997 1423 3035 6
