2080 3204
190 51 259 103 38
756 47 838 91 AD
873 47 919 92 c.
953 46 1320 91 HERENNIUM

100 191 155 229 42
190 171 369 240 posita
402 169 635 238 exempli
669 169 786 221 loco
820 166 1106 237 profertur.
1172 166 1312 218 Item
1343 167 1599 219 vitiosum
1632 170 1729 236 est,
1761 185 1883 221 cum

188 245 264 312 id,
305 244 369 296 de
409 262 514 312 quo
556 261 767 295 summa
808 239 1176 293 controversia
1215 243 1318 308 est,
1370 259 1564 309 parum
1604 241 1884 310 expeditur

191 321 258 386 et,
302 317 458 386 quasi
495 320 832 369 transactum
873 314 966 381 sit,
1007 313 1351 381 relinquitur,
1391 313 1493 366 hoc
1534 315 1713 367 modo:

262 390 505 460 Aperte
545 389 722 441 fatur
764 387 984 454 dictiO,
1025 387 1078 438 si
1117 386 1498 456 intellegas:

264 464 406 517 Tali
448 463 586 516 dari
628 480 822 527 arma,
865 460 1075 528 qualis
1118 460 1215 527 qui
1257 460 1465 529 gessit
1503 460 1654 530 fuit,

262 538 474 604 Iubet,
514 536 716 605 potiri
759 535 811 586 si
852 533 1221 586 studeamus
1262 533 1654 603 Pergamum.

265 614 456 673 Quem
499 627 611 678 ego
654 627 745 660 me
786 607 1108 676 profiteor
1149 624 1311 659 esse:
1352 625 1444 659 me
1485 611 1584 659 est
1619 627 1885 678 aequum

900 680 1026 732 frui

263 756 597 809 Fraternis
640 755 834 807 armis
876 753 1160 822 mihique
1202 754 1664 823 adiudicarier,

263 830 382 882 Vel
439 828 603 898 quod
657 828 1058 897 propinquus
1114 828 1214 879 vel
1271 828 1435 896 quod
1492 829 1734 882 virtute
1790 848 1886 882 ae-

902 902 1123 953 mulus.

190 977 331 1029 Item
372 976 628 1028 vitiosum
677 978 759 1027 est
798 975 974 1043 ipsum
1025 975 1127 1027 sibi
1167 975 1223 1026 in
1266 994 1361 1027 sua
1403 975 1648 1028 oratione
1689 976 1886 1029 dissen-

190 1052 293 1102 tire
347 1054 400 1102 et
441 1053 631 1102 contra
680 1052 841 1117 atque
892 1052 1017 1100 ante
1065 1049 1260 1101 dixerit
1308 1049 1507 1117 dicere,
1553 1049 1656 1103 hoc
1703 1050 1886 1103 modo:

264 1123 396 1185 Qua
436 1141 627 1176 causa
669 1140 956 1175 accusem
997 1122 1196 1175 hunc?

191 1201 307 1250 tum
347 1198 402 1249 id
443 1196 749 1266 exputando
791 1197 1061 1248 evolvere:

263 1270 421 1323 Nam
475 1272 527 1322 si
579 1273 859 1337 veretur,
913 1270 1061 1338 quid
1113 1289 1246 1322 eum
1301 1288 1584 1339 accuseS,
1638 1271 1741 1339 qui
1793 1275 1888 1324 est

902 1344 1180 1412 probus?

266 1416 377 1470 Sin
423 1418 921 1470 inverecundum
965 1418 1157 1470 animi
1198 1418 1532 1486 ingenium
1572 1418 1887 1486 possidet,

266 1491 428 1553 Quid
477 1496 687 1544 autem
745 1510 1027 1557 accuseS,
1081 1493 1181 1559 qui
1241 1491 1302 1542 id
1358 1491 1540 1560 parvi
1598 1492 1887 1544 auditum

904 1565 1247 1617 aestimet?

102 1643 169 1696 27
192 1639 314 1691 Non
354 1639 694 1691 incommoda
735 1639 945 1691 ratione
986 1638 1196 1690 videtur
1231 1637 1330 1690 sibi
1368 1637 1682 1706 ostendisse,
1723 1657 1888 1706 quare

191 1731 301 1766 non
343 1717 633 1765 accusaret.
712 1711 848 1773 Quid
889 1713 1117 1780 postea?
1161 1712 1286 1780 quid
1329 1712 1442 1763 ait?

267 1785 446 1838 Nunc
489 1804 602 1855 ego
643 1790 705 1838 te
740 1786 816 1837 ab
852 1804 1090 1837 summo
1124 1788 1245 1837 iam
1282 1785 1576 1838 detexam
1610 1785 1889 1839 exordiO.

104 1866 159 1905 43
194 1861 332 1913 Item
373 1861 627 1912 vitiosum
672 1863 775 1926 est,
825 1860 965 1927 quod
1007 1859 1201 1912 dicitur
1249 1863 1437 1912 contra
1475 1859 1664 1911 iudicis
1705 1860 1889 1912 volun-

192 1939 358 1987 tatem
404 1937 498 1986 aut
539 1952 746 2001 eorum,
794 1937 885 2001 qui
926 1933 1171 2001 audiunt,
1221 1935 1265 1985 si
1307 1937 1400 1985 aut
1439 1936 1645 2001 partes,
1695 1934 1888 2001 quibus

191 2009 275 2060 illi
317 2008 549 2074 student,
591 2011 683 2060 aut
723 2007 984 2072 homineS,
1025 2026 1159 2076 quos
1199 2007 1282 2058 illi
1323 2025 1474 2059 caros
1515 2006 1733 2074 liabent,
1783 2008 1887 2059 lae·

194 2082 392 2133 duntur
448 2086 540 2133 aut
595 2082 775 2149 aliquo
832 2081 1092 2133 eiusmodi
1147 2081 1281 2133 vitio
1337 2080 1568 2132 laeditur
1627 2080 1888 2134 auditoris

195 2156 461 2207 voluntas,
506 2155 642 2206 Item
676 2155 932 2206 vitiosum
967 2160 1048 2207 est
1080 2173 1187 2207 non
1222 2172 1405 2206 omnes
1439 2172 1524 2205 res
1556 2154 1889 2223 confirmare,

194 2247 326 2298 quas
367 2228 645 2297 pollicitus
687 2228 760 2280 sis
793 2228 846 2279 in
882 2229 1232 2297 expositione.
1295 2228 1433 2280 Item
1467 2227 1759 2280 verendum
1792 2231 1889 2295 est,

195 2321 260 2354 ne
301 2303 363 2354 de
405 2302 511 2354 alia
551 2320 608 2354 re
649 2302 870 2367 dicatur,
911 2321 1029 2354 cum
1065 2303 1172 2354 alia
1206 2302 1268 2354 de
1301 2320 1357 2354 re
1391 2301 1760 2354 controversia
1792 2302 1888 2369 sit3
1913 2318 1931 2351 3
1987 2335 1990 2337 >

194 2394 354 2444 inque
404 2376 663 2428 eiusmodi
712 2376 846 2428 vitio
895 2376 1340 2428 considerandum
1397 2378 1501 2441 est,
1556 2394 1623 2427 ne
1681 2380 1774 2428 aut
1822 2376 1888 2428 ad

195 2468 307 2501 rem
350 2449 578 2502 addatur
620 2450 747 2518 quid
791 2453 884 2501 aut
925 2452 1202 2518 quippiam
1243 2450 1305 2501 de
1338 2467 1395 2500 re
1429 2449 1761 2518 detrahatur,
1795 2454 1889 2502 aut

195 2528 314 2575 tota
340 2541 502 2576 causa
540 2526 748 2575 mutata
783 2523 835 2574 in
871 2523 1032 2575 aliam
1068 2541 1283 2575 causam
1319 2523 1611 2590 derivetur3
1635 2522 1714 2574 uti
1748 2523 1890 2592 apud

195 2596 489 2649 Pacuvium
525 2596 725 2649 Zethus
759 2615 878 2650 cum
905 2597 1226 2666 Amphione,
1261 2614 1486 2664 quorum
1522 2599 1890 2649 controversia

197 2670 260 2721 de
316 2673 521 2723 musica
579 2671 795 2723 inducta
848 2673 951 2735 est,
1010 2670 1433 2739 disputationem
1484 2669 1538 2721 in
1592 2670 1889 2738 sapientiae

196 2743 407 2796 ratione
458 2750 511 2796 et
560 2744 776 2796 virtutis
825 2744 1066 2796 utilitate
1115 2744 1394 2796 consumit.
1473 2743 1613 2795 Item
1654 2744 1890 2796 conside·

197 2817 425 2869 randum
467 2822 562 2881 est,
603 2836 668 2870 ne
712 2818 855 2870 aliud
898 2817 1225 2870 accusatoris
1260 2817 1565 2870 criminatio
1599 2818 1889 2881 contineat,

1913 849 1953 880 10

1913 1215 1954 1248 15

1911 1583 1954 1616 20

1913 1950 1956 1983 25

1914 2684 1957 2718 35
