2075 3235
196 209 199 211 ι
228 152 281 192 81
627 144 809 188 LIBER
839 144 893 189 Π.
960 143 1085 188 ΟΑΡ.
1122 149 1191 189 22.
1256 149 1280 198 ξ
1313 150 1500 190 63-68.
1805 146 1907 198 197

226 270 398 335 mata3
445 283 506 318 ac
552 267 779 317 naturae
829 264 1044 333 quidem
1092 264 1175 315 ius
1227 282 1365 332 esse,
1412 264 1554 333 quod
1600 264 1754 316 nobis
1802 284 1911 318 non

228 340 424 410 opiniO,
465 338 557 392 sed
591 338 853 407 quaedam
885 339 1074 389 innata
1107 337 1188 389 vis
1224 337 1446 405 adferat,
1487 340 1547 389 ut
1580 338 1911 407 religionem,

225 415 508 484 pietatem,
549 413 804 480 gratiam,
843 411 1280 479 vindicationem,
1322 411 1738 477 observantiam,
1778 412 1911 463 veri-

227 489 411 540 tatem.
474 485 815 556 Religionem
857 503 990 552 eam,
1032 503 1165 553 quae
1206 485 1263 536 in
1303 488 1450 537 metu
1493 488 1546 537 et
1586 485 1910 537 caerimonia
1945 504 2000 543 66

183 561 449 612 sdeorum
498 560 591 626 sit,
640 560 938 628 appellant3
990 558 1273 627 pietatem,
1321 577 1455 628 quae
1504 575 1633 627 erga
1678 559 1912 627 patriam

228 638 322 686 aut
366 636 618 703 parentes
668 636 761 684 aut
810 633 943 685 alios
993 633 1256 702 sanguine
1310 633 1623 685 coniunctos
1677 631 1914 684 officium

228 725 543 760 conservare
583 710 824 773 moneat3
875 706 1132 775 gratiam,
1175 724 1308 774 quae
1348 706 1404 757 in
1443 706 1704 758 memoria
1743 709 1797 758 et
1835 724 1912 758 re-

227 781 598 833 mtmeratione
640 780 938 832 officiorum
980 783 1032 831 et
1072 780 1293 831 honoris
1335 783 1387 831 et
1429 780 1787 832 amicitiarum
1824 780 1913 832 ob-

230 855 556 908 servantiam
603 857 807 921 teneat,
858 853 1297 920 vindicationem,
1350 872 1446 922 per
1494 872 1654 923 quam
1701 854 1812 905 vim
1860 857 1913 905 et

162 945 204 976 10
229 929 611 982 contumeliam
658 927 986 980 defendendo
1037 931 1129 978 aut
1174 927 1480 979 ulciscendo
1532 928 1912 996 propulsamus

231 1021 262 1055 a
298 1003 456 1055 nobis
499 1006 551 1055 et
591 1002 658 1054 ab
698 1002 786 1068 iis,
829 1001 920 1069 qui
958 1001 1116 1053 nobis
1158 1001 1268 1053 cari
1309 1019 1424 1053 esse
1467 1001 1686 1068 debent,
1728 1004 1781 1052 et
1820 1018 1916 1069 per

229 1095 390 1146 quam
414 1079 635 1145 peccata
667 1077 940 1144 pimimur3
974 1075 1392 1136 observantiam,
1418 1093 1514 1143 per
1547 1093 1709 1143 quam
1736 1077 1916 1126 aetate

229 1154 322 1203 aut
363 1150 629 1219 sapientia
670 1153 761 1201 aut
800 1150 1003 1201 honore
1044 1152 1137 1201 aut
1178 1149 1360 1217 aliqua
1400 1148 1667 1218 dignitate
1709 1151 1915 1200 antece-

229 1225 413 1276 dentes
467 1224 773 1276 reveremur
829 1226 882 1275 et
937 1223 1185 1290 colimus,
1240 1224 1549 1290 veritatem,
1608 1241 1704 1291 per
1755 1241 1916 1291 quam

163 1313 204 1346 15
231 1299 418 1351 damus
461 1316 694 1366 operam,
734 1315 799 1349 ne
835 1297 960 1365 quid
993 1298 1167 1365 aliter,
1210 1315 1371 1364 quam
1404 1296 1916 1363 confirmaverimUS,

228 1373 326 1424 fiat
366 1375 458 1423 aut
497 1372 701 1423 factum
744 1374 836 1422 aut
875 1370 1119 1422 futurum
1160 1370 1246 1422 sit.
1316 1372 1395 1422 Ac
1434 1374 1661 1422 naturae
1703 1370 1917 1438 quidem
1950 1388 2005 1428 67

229 1447 347 1498 iura
398 1444 574 1496 minus
627 1445 747 1512 ipsa
796 1447 1127 1513 quaeruntur
1175 1444 1242 1496 ad
1288 1444 1426 1496 hanc
1476 1444 1930 1510 controversiam,

230 1519 372 1588 quod
418 1536 590 1586 neque
638 1519 695 1569 in
727 1517 834 1574 hoc
877 1518 1020 1570 civili
1059 1518 1174 1570 iure
1215 1522 1500 1570 versantur
1541 1522 1594 1570 et
1635 1537 1664 1570 a
1704 1518 1919 1587 vulgari

227 1593 603 1662 intellegentia
657 1593 949 1644 remotiora
1003 1597 1148 1659 sunt,
1205 1592 1272 1644 ad
1328 1592 1734 1644 similitudinem
1787 1610 1918 1644 vero

162 1681 206 1714 20
232 1668 470 1735 aliquam
518 1669 611 1718 aut
658 1666 724 1718 ad
771 1684 884 1718 rem
934 1666 1370 1735 amplificandam
1417 1684 1574 1734 saepe
1623 1670 1747 1718 simt
1788 1665 1917 1717 infe-

229 1741 408 1793 renda.
472 1738 869 1793 Consuetudine
911 1743 1092 1792 autem
1131 1741 1214 1792 ius
1256 1758 1371 1792 esse
1411 1743 1636 1808 putatur
1667 1740 1735 1807 id,
1773 1739 1915 1808 quod

229 1815 509 1867 voluntate
552 1815 792 1866 omnium
834 1814 946 1866 sine
986 1815 1105 1883 lege
1138 1816 1380 1866 vetustas
1416 1814 1801 1882 comprobarit.
1854 1812 1920 1864 In

231 1907 293 1941 ea
340 1891 522 1940 autem
571 1888 831 1957 quaedam
882 1891 1007 1940 sunt
1047 1889 1163 1940 iura
1202 1888 1322 1957 ipsa
1361 1888 1470 1939 iam
1512 1891 1657 1940 certa
1696 1890 1919 1956 propter

229 1965 569 2015 vetustatem.
656 1961 771 2023 Quo
827 1962 883 2013 in
938 1980 1130 2032 genere
1188 1971 1239 2014 et
1295 1962 1402 2014 alia
1457 1965 1581 2014 sunt
1637 1962 1811 2013 multa
1867 1966 1920 2013 et

163 2051 206 2084 25
232 2055 416 2089 eorum
469 2036 642 2088 multo
700 2037 936 2088 maxima
990 2055 1139 2105 pars,
1196 2054 1329 2104 quae
1385 2039 1662 2104 praetores
1715 2035 1919 2087 edicere

232 2113 571 2163 consuerunt.
649 2109 922 2171 Quaedam
971 2114 1151 2162 autem
1200 2128 1398 2180 genera
1444 2110 1576 2161 iuris
1625 2110 1735 2161 iam
1775 2112 1920 2161 certa

233 2184 614 2237 consuetudine
655 2184 800 2237 facta
842 2187 989 2253 sunt,
1031 2185 1172 2254 quod
1214 2202 1382 2254 genus
1415 2187 1649 2253 pactum,
1689 2202 1802 2252 par,
1842 2184 1919 2234 iu·

233 2258 482 2311 dicatum.
560 2257 787 2310 Pactum
836 2262 939 2326 est,
988 2260 1129 2327 quod
1175 2259 1316 2311 inter
1366 2276 1500 2326 quos
1549 2258 1800 2310 convenit
1840 2257 1918 2309 ita
1952 2274 2006 2314 68

231 2332 436 2384 iustum
475 2334 714 2400 putatur,
752 2335 812 2384 ut
851 2333 965 2385 iure
1005 2336 1281 2402 praestare
1323 2332 1545 2385 dicatur.
1615 2332 1736 2399 Par,
1779 2331 1920 2400 quod

166 2421 209 2453 30
232 2406 290 2457 in
329 2424 513 2458 omnes
556 2407 835 2474 aequabile
877 2410 970 2460 est.
1038 2406 1356 2473 Iudicatum‚
1397 2406 1459 2458 de
1501 2423 1604 2474 quo
1645 2405 1753 2457 iam
1795 2408 1919 2456 ante

235 2480 503 2532 sententia-
544 2480 767 2533 alicuius
802 2484 895 2533 aut
928 2481 1233 2550 aliquorum
1266 2480 1622 2533 constitutum
1655 2482 1752 2531 est.
1802 2478 1920 2531 Iam

233 2553 352 2605 iura
390 2553 636 2623 legitima
677 2573 740 2607 ex
779 2555 992 2624 legibus
1026 2555 1279 2625 cognosci
1313 2554 1599 2623 oportebit.
1654 2552 1754 2604 His
1790 2570 1918 2623 ergo

236 2646 298 2680 ex
338 2628 585 2710 partibus
626 2628 771 2695 iuriS,
812 2629 952 2697 quod
995 2630 1218 2711 quisque
1261 2632 1355 2680 aut
1395 2646 1457 2679 ex
1488 2628 1608 2696 ipsa
1640 2645 1697 2679 re
1731 2631 1824 2679 aut
1857 2645 1920 2679 ex

236 2701 402 2753 simili
442 2701 644 2753 maiore
685 2702 956 2755 minoreve
995 2705 1145 2756 nasci
1184 2702 1402 2770 videbit,
1444 2700 1716 2753 attendere
1759 2705 1919 2769 atque

166 2789 210 2822 35
235 2775 427 2827 elicere
451 2776 863 2844 pertemptando
889 2795 1054 2829 unam
1080 2794 1346 2845 quamque
1371 2776 1503 2828 iuris
1529 2779 1741 2858 partem
1767 2793 1919 2844 opor-

234 2849 386 2901 tebit
450 2848 715 2902 Locorum
757 2853 936 2902 autem
982 2850 1345 2903 communium
1387 2850 1655 2919 quoniam,
1694 2853 1754 2901 ut
1796 2851 1918 2900 ante

234 2922 438 2975 dictum
478 2926 574 2991 est,
616 2923 718 2976 duo
761 2942 958 2994 genera
999 2928 1139 2993 sunt,
1184 2942 1412 2993 quorum
1453 2924 1685 2977 alterum
1727 2922 1917 2975 dubiae
