2080 3204
478 96 659 141 LIBER
690 96 768 142 ΠΙ
827 77 1178 141 C'AP.14—15
1235 100 1259 149 g
1292 100 1479 142 25—27.
1751 99 1821 150 57

105 235 343 300 pressa,
367 202 625 269 inclinato
653 234 801 284 sono,
835 216 1036 269 crebris
1061 216 1378 284 intervallis,
1412 216 1592 286 longis
1619 218 1824 285 spatiis,

141 290 352 361 magnis
386 290 914 368 commutationibus
982 288 1074 341 Ι)6
1089 289 1265 359 figura
1289 289 1436 342 vocis
1463 290 1596 348 satis
1623 290 1822 343 dictum
1848 294 1916 345 15

142 368 248 416 est:
287 382 427 416 nunc
468 363 531 415 de
572 364 821 432 corporis
855 366 1007 416 motu
1049 363 1331 416 dicendum
1369 363 1595 415 videtur.

287 437 467 489 Motus
524 440 606 489 est
657 437 895 506 corporis
949 439 1133 506 gestus
1183 440 1236 489 et
1286 437 1469 489 vultus
1524 437 1823 489 moderatio
1857 455 1916 495 26

96 525 117 558 5
143 511 428 580 quaedam,
469 529 605 579 quae
644 510 1016 580 pronuntianti
1049 511 1297 563 convenit
1340 512 1417 576 [et
1454 511 1827 579 probabiliora

139 584 314 636 reddit
362 602 446 652 ea,
504 602 638 653 quae
685 584 1145 654 pronuntiantur}
1231 583 1495 636 Convenit
1547 584 1715 653 igitur
1770 585 1827 636 in

138 658 292 711 vultu
332 661 386 710 et
424 658 684 727 pudorem
733 677 829 711 nec
878 658 1227 710 acrimoniam
1277 676 1413 726 esse,
1450 654 1520 709 'in
1568 661 1726 728 gestu
1775 662 1827 709 et

139 734 480 784 venustatem
508 731 986 801 [conspiciendam]
1014 749 1110 784 nec
1135 731 1527 800 turpitudinem
1556 732 1734 798 [esse],
1759 750 1826 783 ne

140 809 234 858 aut
273 805 563 858 histriones
598 810 692 858 aut
724 806 955 875 operarii
986 805 1265 858 videamur
1305 823 1434 857 6886.
1492 806 1578 857 Ad
1611 805 1825 857 easdem

71 894 112 926 10
137 879 305 949 igitur
337 884 535 948 parteS,
567 880 624 931 in
651 898 783 947 quas
809 897 913 932 vox
938 883 1021 931 est
1054 879 1360 945 distributa,
1401 882 1581 931 motus
1616 897 1826 947 quoque

138 954 377 1022 corporis
424 954 564 1006 ratio
613 953 825 1005 videtur
872 971 988 1005 esse
1037 952 1510 1005 adcommodanda.
1588 951 1733 1004 Nam
1781 952 1828 1004 si

139 1026 241 1078 erit
297 1045 474 1079 sermo
530 1045 651 1080 cum
708 1026 998 1096 dignitate,
1055 1030 1262 1078 stantes
1318 1027 1375 1078 in
1429 1026 1663 1095 vestigio
1719 1026 1827 1078 levi

137 1100 387 1153 dexterae
442 1103 593 1153 motu
653 1101 802 1169 loqui
861 1101 1159 1169 oportebit,
1222 1100 1523 1168 hilaritate,
1584 1099 1828 1167 tristitia,

137 1174 511 1227 mediocritate
551 1175 733 1227 vultus
776 1174 842 1227 ad
883 1175 1145 1226 sermonis
1187 1174 1483 1226 sententias
1526 1174 1827 1226 adcommo-

73 1262 114 1295 15
141 1247 294 1316 data3-
353 1249 438 1300 sin
495 1249 598 1299 erit
652 1248 710 1300 in
766 1248 1226 1300 demonstratione
1283 1266 1483 1315 sermo,
1532 1245 1827 1316 ¹paululum

134 1325 331 1391 'corpus
366 1341 405 1374 a.
429 1322 724 1374 cervicibus
760 1321 1122 1390 demittemUS,
1159 1340 1286 1374 nam
1320 1325 1403 1373 est
1435 1322 1537 1373 hoc
1570 1340 1601 1373 a
1631 1324 1830 1373 natura

139 1395 348 1463 datum,
388 1399 450 1447 ut
498 1413 658 1464 quam
709 1396 956 1465 proxime
1007 1398 1123 1447 tum
1178 1396 1391 1447 vultum
1445 1395 1826 1447 admoveamus

138 1469 206 1522 ad
246 1469 538 1536 auditoreS,
588 1470 632 1521 si
674 1488 836 1538 quam
875 1488 990 1537 rem
1031 1469 1219 1522 docere
1260 1487 1364 1537 eos·
1393 1472 1445 1521 et
1483 1469 1829 1521 vehementer
1863 1468 1869 1473 ’

136 1543 400 1612 instigare
438 1543 692 1612 velimus3
733 1543 817 1595 sin
857 1543 960 1595 erit
998 1543 1055 1595 in
1095 1543 1405 1595 narratione
1446 1561 1646 1610 sermo,
1685 1542 1828 1594 idem

69 1631 112 1663 20
138 1620 317 1669 motus
349 1617 552 1685 poterit
583 1616 807 1669 idoneus
841 1634 972 1685 esse,
1014 1618 1104 1685 qui
1135 1617 1297 1685 paulo
1332 1619 1457 1669 ante
1491 1616 1827 1669 demonstra-

137 1691 298 1743 batur
337 1692 394 1742 in
436 1690 726 1760 dignitate3
780 1692 863 1742 sin
910 1691 966 1742 in
1014 1691 1302 1757 iocatione,
1353 1691 1509 1742 vultu
1556 1689 1827 1758 quandam

138 1764 452 1816 debebimus
499 1764 835 1816 hilaritatem
891 1764 1196 1834 significare
1243 1764 1355 1815 sine
1404 1765 1826 1816 commutatione

137 1841 338 1908 gestus
416 1836 472 1890 Si
511 1838 894 1890 contendemus
935 1856 1031 1906 per
1071 1837 1553 1905 continuationem,
1601 1836 1823 1889 brachio

1846 1846 1882 1893 42
1890 1854 1913 1893 7

138 1912 313 1980 celeri,
346 1912 537 1964 mobili
568 1912 738 1981 vultu,
772 1913 880 1964 acri
912 1914 1133 1980 aspectu
1165 1914 1401 1978 utemur3
1435 1912 1517 1962 sin
1551 1910 1825 1963 contentio
1886 1944 1890 1948 -

70 2000 112 2033 25
136 1986 231 2038 fiet
254 2004 350 2055 per
376 1985 829 2053 distributionem,
854 1987 1193 2055 porrectione
1219 1985 1381 2037 celeri
1404 1984 1630 2052 brachii,
1654 1984 1826 2035 inam-

48 2062 53 2066 ’
137 2060 430 2127 bulatione,
455 2060 606 2129 pedis
633 2060 839 2111 dexteri
864 2078 988 2111 rara
1010 2060 1412 2128 supplausione,
1438 2059 1550 2111 acri
1575 2062 1628 2111 613
1652 2057 1823 2110 defixo

139 2137 361 2203 aspectu
391 2133 474 2185 uti
507 2134 793 2202 oportebit.
850 2131 907 2185 Si
931 2136 1146 2185 utemur
1179 2132 1597 2202 amplificatione
1622 2150 1718 2200 per
1742 2149 1825 2184 co·

75 2269 79 2273 ,
135 2207 521 2274 hortationem,
544 2208 709 2276 paulo
735 2207 973 2260 tardiore
1002 2210 1055 2259 613
1078 2207 1498 2259 consideratiore
1521 2209 1679 2276 gestu
1704 2222 1824 2257 con-

137 2281 317 2333 veniet
347 2281 443 2348 uti,
474 2280 741 2341 similibus
776 2281 966 2334 ceteris
1000 2281 1160 2333 rebus
1194 2283 1356 2349 atque
1388 2280 1444 2331 in
1478 2279 1823 2332 contentione

73 2369 114 2401 30
140 2373 236 2424 per
291 2354 774 2423 continuationem3
838 2355 922 2408 sin
973 2359 1189 2407 utemur
1245 2349 1667 2423 amplificatione
1728 2370 1825 2420 per

137 2429 602 2497 conquestionem,
639 2428 855 2481 feminis
895 2429 1160 2498 plangore
1201 2431 1254 2480 et
1294 2427 1486 2496 capitis
1526 2426 1652 2494 ictU,
1690 2443 1824 2478 non-

134 2520 431 2570 numquam
479 2502 664 2555 sedato
706 2506 777 2555 et·
799 2503 1071 2555 constanti
1120 2505 1301 2572 gestu,
1348 2502 1556 2552 maesto
1605 2505 1659 2551 et
1698 2518 1821 2552 con-

134 2576 356 2628 turbato
388 2575 544 2628 vultu
568 2576 650 2628 uti
675 2576 963 2645 oportebit.
1010 2575 1138 2628 Non
1163 2594 1282 2644 sum
1304 2574 1531 2640 nescius,
1550 2576 1822 2645 quantum

136 2650 462 2716 susceperim
487 2650 709 2719 negotii,
735 2650 827 2718 qui
843 2653 1023 2702 motus
1051 2648 1292 2731 corporis
1319 2647 1618 2717 exprimere
1642 2647 1821 2699 verbis
1849 2676 1852 2679 <

39 2719 110 2768 ‘'85
136 2726 190 2775 et
229 2723 435 2775 imitari
480 2723 750 2791 scriptura
799 2727 1023 2776 conatus
1075 2723 1176 2774 sim
1224 2739 1396 2774 voces,
1472 2721 1678 2773 Verum
1723 2739 1821 2772 nec

134 2797 237 2850 hoc
286 2796 516 2850 confisus
567 2816 685 2849 sum
732 2815 892 2866 posse
939 2796 1077 2871 fieri,
1124 2799 1186 2847 ut
1235 2795 1296 2847 de
1343 2795 1429 2847 his
1476 2795 1636 2848 rebus
1686 2795 1820 2847 satis

137 2870 416 2924 commode
465 2871 627 2923 scribi
673 2874 883 2939 posset,
936 2888 1056 2934 nec,
1109 2869 1155 2921 si
1201 2868 1256 2921 id
1302 2868 1418 2921 fieri
1465 2887 1574 2921 non
1619 2871 1820 2938 posset,
