2075 3235
119 145 173 185 63
500 137 675 181 LIBER
706 138 760 182 II.
817 137 941 182 CAP.
975 143 1103 182 4—5.
1160 143 1184 191 ξ
1220 141 1402 182 13-18.
1691 140 1794 193 179

117 259 172 310 in
203 257 457 327 vaginam
489 257 798 324 recondidit,
838 257 952 326 ipse
986 275 1042 308 se
1073 256 1129 308 in
1162 274 1317 309 suum
1349 257 1548 309 lectum
1580 260 1795 327 recepit.

117 331 217 383 Ille
258 334 452 397 autem,
492 330 641 382 cuius
676 330 854 399 gladio
895 330 1088 382 occisio
1123 333 1238 382 erat
1268 329 1428 398 facta,
1467 331 1638 383 multo
1673 335 1795 383 ante

117 404 290 456 lucem
331 403 575 467 surrexit,
616 403 865 454 comitem
897 402 1051 454 illum
1093 421 1248 454 suum
1279 403 1589 455 inclamavit
1630 405 1794 455 semol

118 480 171 528 et
218 476 444 543 saepius,
520 475 684 527 Illum
725 493 912 528 somno
961 476 1278 544 impeditum
1317 494 1425 528 non
1471 477 1793 545 respondere

74 565 93 595 5
119 548 471 616 existimavit3
510 549 625 617 ipse
660 549 898 618 gladium
940 553 993 600 et
1033 552 1224 617 cetera,
1264 567 1399 617 quae
1440 567 1617 601 secum
1659 553 1797 602 attu-

118 623 271 687 lerat,
312 621 548 689 sustulit,
588 622 734 674 solus
774 621 1045 690 profectus
1087 626 1182 673 est.
1254 621 1436 691 Caupo
1475 641 1584 675 non
1626 623 1796 675 multo

115 698 241 764 post
274 695 576 747 conclamat
608 694 881 747 hominem
915 712 1029 746 esse
1064 695 1297 746 occisum
1331 700 1384 746 et
1424 714 1543 747 cum
1584 696 1797 764 quibus-

116 768 239 820 dam
281 767 642 820 diversoribus
682 768 859 834 illum,
908 768 997 836 qui
1038 771 1161 819 ante
1202 768 1413 833 exierat,
1454 770 1797 836 consequitur

115 841 170 892 in
217 841 422 893 itinere.
508 840 798 893 Hominem
846 840 1272 908 comprehendit,
1321 841 1559 910 gladium
1607 843 1718 893 eius
1769 861 1796 894 e

52 930 92 961 ιο
119 915 314 983 vagina
355 914 544 982 educit,
584 915 784 983 reperit
823 917 1116 965 cruentum.
1187 913 1365 965 Homo
1406 915 1461 965 in
1500 915 1687 966 urbem
1729 915 1795 966 ab

115 987 226 1039 illis
276 987 552 1040 deducitur
599 1005 659 1039 ac
705 1005 826 1038 reus
874 987 950 1038 fit.
1034 987 1099 1038 In
1144 986 1246 1039 hac
1294 987 1521 1039 intentio
1571 991 1653 1040 est
1702 988 1797 1039 cri-

117 1060 299 1112 minis:
343 1059 648 1113 ‘Occidisti'
711 1059 992 1129 Depulsio:
1034 1058 1178 1112 eNon
1220 1060 1419 1113 occidi.²
1481 1060 1564 1112 Ex
1605 1061 1795 1128 quibus

117 1134 433 1186 constitutio
476 1138 571 1197 est,
610 1133 665 1184 id
705 1136 787 1185 est
827 1133 1087 1202 quaestio,
1127 1134 1311 1185 eadem
1348 1134 1404 1185 in
1437 1134 1798 1202 coniecturali,

117 1225 252 1276 quae
292 1207 569 1259 iudicatio:
611 1205 982 1259 Occideritne‘?

51 1294 92 1328 15
263 1279 418 1332 Nunc
467 1297 791 1349 exponemus
838 1281 1010 1347 locOS,
1063 1297 1290 1347 quorum
1336 1298 1462 1348 pars
1513 1280 1694 1348 aliqua
1741 1282 1798 1332 in

117 1371 330 1406 omnem
370 1353 783 1405 coniecturalem
822 1353 1010 1405 incidit
1049 1353 1483 1405 controversiam.
1545 1352 1664 1406 Hoc
1705 1372 1795 1405 au-

116 1429 227 1479 tem
259 1430 313 1478 et
343 1426 399 1477 in
438 1426 629 1478 horum
661 1426 902 1478 locorum
943 1426 1274 1494 expositione
1315 1429 1368 1478 et
1405 1427 1461 1477 in
1502 1430 1798 1479 ceterorum

117 1499 390 1569 oportebit
446 1499 747 1566 attendere,
801 1517 909 1551 non
965 1517 1149 1551 omnes
1203 1500 1260 1551 in
1315 1518 1526 1552 omnem
1582 1518 1798 1552 causam

117 1572 415 1625 convenire.
499 1570 641 1624 Nam
690 1576 750 1624 ut
790 1591 945 1624 omne
995 1591 1190 1624 nomen
1238 1591 1300 1624 ex
1349 1573 1642 1641 aliquibuS,
1689 1592 1799 1625 non

51 1661 94 1694 20
118 1664 181 1698 ex
230 1646 476 1698 omnibus
524 1645 721 1697 litteris
770 1646 1044 1713 scribitur,
1097 1647 1171 1698 sic
1220 1664 1431 1698 omnem
1477 1647 1534 1697 in
1582 1665 1797 1698 causam

116 1737 226 1772 non
259 1719 432 1772 omnis
466 1722 906 1788 argumentorum
940 1719 1107 1787 copia,
1150 1719 1240 1770 sed
1274 1737 1456 1772 eorum
1495 1720 1797 1772 necessario

117 1811 242 1863 pars
277 1793 459 1861 aliqua
491 1792 784 1845 conveniet.
847 1791 1033 1844 Omnis
1078 1793 1247 1861 igitur
1280 1811 1342 1844 ex
1376 1811 1550 1862 causa,
1590 1811 1652 1844 ex
1683 1811 1798 1861 per·

120 1884 266 1934 sona,
306 1884 368 1918 ex
408 1865 551 1918 facto
592 1866 711 1934 ipso
752 1866 1056 1918 coniectura
1095 1866 1351 1934 capienda
1391 1871 1485 1918 est.

266 1937 441 1992 Causa
501 1939 759 1991 tribuitur
819 1939 876 1990 in
937 1939 1317 2008 impulsionem
1374 1943 1426 1991 et
1483 1940 1582 2005 [in]
1638 1940 1799 1992 ratio·

54 2028 96 2062 25
121 2013 456 2066 cinationem.
534 2012 795 2080 Impulsio
845 2015 948 2080 est,
996 2031 1130 2081 quae
1182 2012 1294 2064 sine
1336 2013 1666 2082 cogitatione
1705 2031 1800 2081 per

121 2086 386 2155 quandam
442 2084 796 2139 adfectionem
855 2086 1019 2138 animi
1066 2086 1240 2138 facere
1289 2086 1490 2154 aliquid
1535 2086 1800 2154 hortatur,

119 2163 180 2212 ut
226 2177 399 2226 amor,
446 2159 740 2227 iracundia,
790 2159 1093 2229 aegritudO,
1140 2159 1438 2211 vinolentia
1487 2163 1541 2211 et
1581 2159 1799 2212 omnino

122 2233 322 2300 omnia,
368 2232 425 2284 in
473 2233 663 2301 quibus
716 2233 923 2285 animus
971 2233 1050 2284 ita
1088 2232 1299 2284 videtur
1339 2232 1579 2285 adfectus
1617 2231 1800 2299 fuisse,

120 2311 181 2358 ut
228 2324 341 2358 rem
392 2306 691 2374 perspicere
731 2324 849 2359 cum
891 2306 1114 2359 consilio
1157 2309 1210 2358 et
1250 2324 1375 2358 cura
1413 2324 1523 2358 non
1562 2305 1800 2373 potuerit

55 2395 97 2426 30
123 2383 175 2431 et
214 2379 290 2446 id,
331 2379 471 2447 quod
510 2379 657 2447 fecit,
696 2380 901 2447 impetu
942 2379 1173 2448 quodam
1215 2379 1379 2431 animi
1418 2379 1597 2447 potius
1639 2397 1799 2447 quam

122 2452 451 2522 cogitatione
491 2451 687 2504 fecerit.
764 2451 1126 2506 Ratiocinatio
1176 2455 1257 2504 est
1299 2453 1524 2518 [autem]
1567 2451 1798 2520 diligens

123 2530 176 2578 et
231 2525 567 2578 considerata
615 2525 846 2578 faciendi
897 2525 1099 2595 aliquid
1148 2529 1240 2578 aut
1286 2543 1395 2578 non
1440 2525 1671 2578 faciendi
1718 2543 1800 2576 ex-

123 2599 396 2667 cogitatio
487 2597 568 2650 Ea
625 2599 817 2651 dieitur
869 2599 1176 2651 interfuisse
1228 2603 1366 2666 tum,
1423 2617 1541 2652 cum
1598 2597 1800 2667 aliquid

124 2672 378 2739 [faciendi
419 2675 511 2723 aut
550 2689 658 2724 non
695 2671 946 2738 faciendi]
988 2675 1135 2725 certa
1175 2672 1237 2724 de
1278 2690 1438 2725 causa
1468 2672 1666 2724 vitasse
1709 2675 1801 2722 aut

58 2761 99 2793 35
125 2748 336 2798 secutus
394 2762 507 2796 esse
564 2745 771 2797 animus
827 2745 1058 2812 videtur,
1113 2749 1196 2813 ut,
1252 2745 1298 2797 si
1353 2745 1619 2797 amicitiae
1675 2744 1800 2812 quid

123 2838 284 2872 causa
330 2817 533 2870 factum
576 2818 790 2885 dicitur,
839 2818 884 2869 si
923 2818 1126 2870 inimici
1164 2818 1472 2886 ulciscendi,
1525 2818 1570 2870 si
1610 2820 1801 2882 metuS,

124 2892 170 2945 si
203 2891 424 2962 gloriae,
465 2891 509 2942 si
541 2891 810 2960 pecuniae,
851 2891 896 2942 si
929 2891 1166 2959 denique,
1200 2895 1259 2943 ut
1292 2892 1472 2944 omnia
1505 2889 1800 2960 generatim

1358 2975 1446 3020 12*

1831 495 1883 534 15

1829 1252 1864 1303 5

1819 1329 1870 1365 16

1834 1957 1887 1996 17

1835 2468 1888 2507 18
