2075 3235
587 816 656 868 M.
697 814 938 869 TULLII
979 812 1364 868 CICERONIS

498 945 982 1014 RHETORIOAE
1031 945 1242 1014 LIBRI
1289 946 1459 1014 ΒΕΘ.

351 1093 478 1152 [QUI
512 1093 671 1138 SUNT
704 1093 783 1137 DE
815 1092 1195 1137 INVENTIONE
1228 1093 1602 1152 RHETORICA]

718 1298 927 1342 LIBER
958 1298 1233 1343 PRIMUS.

287 1388 456 1459 Saepe
490 1393 544 1442 et
576 1390 808 1442 multum
840 1390 942 1442 hoc
980 1408 1189 1442 mecum
1223 1389 1474 1459 cogitavi,
1514 1390 1727 1457 bonine&
1753 1409 1820 1443 an

137 1464 269 1516 mali
308 1465 428 1533 plus
471 1464 719 1515 attulerit
758 1463 1069 1516 hominibus
1113 1467 1166 1515 et
1207 1463 1519 1516 civitatibus
1561 1465 1715 1533 copia
1749 1464 1820 1516 di-

138 1538 290 1590 cendi
348 1556 408 1590 ac
458 1555 726 1589 summum
782 1537 1119 1606 eloquentiae
1172 1538 1424 1590 studium.
1509 1536 1652 1590 Nam
1701 1557 1820 1590 cum

139 1614 192 1663 et
231 1614 449 1663 nostrae
489 1611 568 1663 rei
606 1611 853 1680 publicae
887 1611 1210 1663 detrimenta
1250 1611 1528 1663 considero
1571 1615 1624 1664 et
1655 1612 1820 1664 maxi-

93 1700 113 1732 5
138 1704 348 1737 marum
388 1684 666 1737 civitatum
719 1688 926 1737 veteres
975 1685 1154 1737 animo
1204 1685 1543 1737 calamitates
1592 1686 1820 1754 conligo,

136 1777 244 1810 non
298 1758 576 1810 minimam
629 1759 783 1811 video
840 1777 936 1827 per
1002 1758 1388 1811 disertissimos
1444 1759 1690 1811 homines
1744 1759 1821 1810 in-

139 1835 348 1884 vectam
398 1836 608 1901 partem
663 1832 1146 1900 incommodorum3
1205 1851 1322 1885 cum
1380 1835 1562 1884 autem
1617 1851 1702 1885 res
1751 1833 1817 1884 ab

136 1909 326 1958 nostra
363 1906 624 1957 memoria
662 1909 887 1975 propter
924 1909 1251 1959 vetustatem
1297 1911 1532 1958 remotas
1574 1924 1637 1958 ex
1677 1906 1820 1958 litte-

137 1998 318 2032 rarum
372 1980 734 2031 monumentis
789 1983 1032 2048 repetere
1087 1980 1340 2049 institiio,
1402 1980 1603 2032 multas
1659 1980 1819 2032 urbes

73 2069 115 2101 ιο
140 2053 482 2121 constitutaS‚
521 2054 757 2122 plurima
795 2054 942 2106 bella
973 2053 1246 2122 restincta,
1285 2053 1625 2106 firmissimas
1659 2053 1821 2106 socie-

138 2130 301 2195 tates7
349 2127 722 2179 sanctissimas
763 2127 1028 2180 amicitias
1068 2127 1329 2198 intellego
1371 2146 1492 2180 cum
1533 2127 1701 2180 animi
1739 2146 1820 2179 ra—

139 2201 285 2253 tione
341 2203 457 2252 tum
511 2200 724 2253 facilius
781 2202 1092 2270 eloquentia
1151 2204 1507 2270 comparatas
1601 2201 1682 2253 Ac
1738 2219 1822 2252 me

142 2274 356 2342 quidem
390 2274 479 2326 diu
511 2275 841 2344 cogitantem
873 2276 1013 2328 ratio
1048 2276 1168 2345 ipsa
1206 2275 1264 2326 in
1301 2275 1441 2327 hanc
1479 2274 1824 2344 potissimum

143 2347 468 2399 sententiam
517 2347 682 2416 ducit,
728 2351 790 2400 ut
837 2349 1141 2402 existimem
1190 2349 1517 2418 sapientiam
1565 2348 1678 2399 sine
1718 2347 1824 2399 elo-

76 2435 116 2466 15
144 2421 364 2489 quentia
402 2439 595 2489 parum
634 2422 889 2504 prodesse
931 2423 1259 2490 civitatibus,
1300 2421 1665 2490 eloquentiam
1696 2439 1822 2473 vero

143 2495 256 2546 sine
313 2494 580 2563 sapientia
631 2495 858 2548 nimium
914 2497 1103 2549 obesse
1166 2497 1505 2565 plerumque,
1567 2494 1823 2564 prodesse

140 2586 450 2636 numquam.
536 2567 710 2629 Quare
751 2569 798 2622 si
851 2571 970 2638 quis
1027 2570 1241 2623 omissis
1297 2569 1614 2621 rectissimis
1663 2571 1824 2637 atque

142 2641 542 2694 honestissimis
571 2642 765 2694 studiis
791 2644 1016 2696 rationis
1044 2647 1097 2695 et
1124 2643 1287 2695 officii
1318 2642 1588 2695 consumit
1614 2659 1825 2694 omnem

143 2733 364 2783 operam
411 2714 470 2766 in
509 2715 892 2769 exercitatione
931 2717 1155 2784 dicendi,
1201 2717 1247 2768 is
1287 2715 1494 2768 inutilis
1537 2715 1662 2784 sibi,
1709 2733 1825 2784 per-

76 2801 119 2834 20
142 2788 379 2841 niciosus
421 2789 631 2856 patriae
672 2789 803 2842 civis
845 2791 1034 2853 alitur3
1076 2790 1168 2859 qui
1206 2808 1333 2842 vero
1373 2790 1452 2842 ita
1493 2808 1608 2841 sese
1650 2792 1826 2841 armat

142 2860 474 2931 eloquentia]
521 2865 582 2914 ut
626 2881 736 2915 non
777 2882 1090 2934 oppugnare
1131 2863 1413 2916 commoda
1452 2863 1685 2933 patriae,
1733 2861 1825 2914 sed

140 2954 240 3004 pro
280 2935 366 2988 his
406 2953 750 3006 propugnare
790 2939 979 3006 possit,
1017 2937 1064 2989 is
1106 2937 1240 2989 mihi
1279 2937 1362 2990 vir
1401 2940 1456 2990 et
1496 2937 1606 2989 suis
1649 2940 1701 2987 et
1733 2953 1827 3004 pu-

1849 1364 1875 1414 1

1855 1439 1876 1476 1
