2080 3204
504 101 686 144 LIBER
715 100 794 144 III.
859 100 987 145 CAP.
1023 106 1151 145 3-4.
1215 105 1239 154 ξ
1274 106 1403 146 5-8,
1725 103 1795 154 47

118 222 414 293 appellarit,
454 221 693 289 ineptam
735 224 788 272 et
830 222 1106 291 garrulam
1147 225 1200 273 et
1241 221 1482 274 odiosam
1516 222 1797 275 scientiam

116 314 230 350 esse
270 295 528 361 dicemus3
582 312 742 362 quam
790 295 881 346 ille
930 295 1252 347 modestiam
1303 295 1442 348 dicet
1493 314 1630 363 esse,
1679 314 1797 348 eam

115 388 214 424 nos
245 368 497 421 inertiam
530 370 584 419 et
617 368 935 420 dissolutam
968 369 1372 439 neglegentiam
1399 387 1514 421 esse
1540 369 1797 438 dicemus3

117 461 275 512 quam
300 442 393 493 ille
417 440 791 493 fortitudinem
815 442 1124 511 nominarit,
1152 461 1268 495 eam
1294 461 1392 495 nos
1418 443 1794 511 gladiatoriam
1815 474 1851 525 4

0 540 1 546 =
74 520 171 569 set
230 514 680 567 inconsideratam
738 516 1131 583 appellabimus
1199 517 1575 568 temeritatem.
1659 516 1791 569 Lau·
1832 549 1856 589 7

118 589 291 643 dabile
331 591 433 655 est,
488 588 630 656 quod
679 588 893 641 conficit
939 589 1222 641 honestam
1265 595 1318 642 et
1356 593 1696 659 praesentem
1745 594 1799 642 et

118 665 527 731 consequentem
579 663 1162 716 commemorationem.
1251 663 1370 716 Hoc
1424 683 1534 716 non
1581 682 1643 716 eo
1698 682 1796 716 nos

117 736 498 806 separavimuS,
540 736 681 804 quod
719 739 919 805 parteS,
961 755 1096 804 quae
1139 737 1475 789 subiciuntur
1515 738 1613 789 sub
1646 756 1798 790 voca-

3 868 5 875 ,
116 811 300 863 bulum
331 810 478 877 recti,
511 809 650 861 hanc
675 810 1020 862 honestatem
1048 811 1663 876 [commemorationem]
1690 830 1800 863 non

53 899 94 931 ιο
117 885 241 936 dare
266 884 498 935 soleant:
525 884 617 935 sed
641 902 969 952 quamquam
998 902 1060 936 ex
1085 889 1232 936 recto
1250 885 1520 936 laudabile
1545 885 1799 952 nascitur,

115 963 295 1010 tamen
326 957 383 1009 in
416 957 636 1010 dicendo
672 976 912 1010 seorsum
945 959 1289 1010 tractandum
1323 961 1406 1009 est
1441 958 1544 1011 hoc
1578 959 1646 1010 ab
1679 959 1798 1010 illo:

115 1050 284 1100 neque
324 1031 468 1083 enim
512 1031 687 1083 solum
728 1032 903 1083 laudis
947 1050 1106 1084 causa
1155 1035 1302 1084 recta
1344 1033 1494 1100 sequi
1537 1032 1800 1098 convenit,

118 1105 207 1158 sed
259 1105 305 1156 si
359 1105 477 1157 laus
530 1106 902 1173 consequitur,
965 1106 1271 1175 duplicatur
1327 1107 1461 1157 recti
1513 1105 1801 1174 appetendi

115 1180 380 1232 voluntas,
445 1177 580 1231 Cum
605 1180 774 1249 igitur
807 1180 909 1232 erit
935 1179 1410 1231 demonstrandum
1435 1183 1642 1231 rectum
1669 1197 1799 1245 esse,

6 1262 10 1320 ᾗ
55 1268 95 1300 15
116 1253 387 1306 laudabile
424 1271 540 1304 esse
575 1253 1067 1305 demonstrabimus
1103 1257 1197 1304 aut
1231 1253 1297 1305 ab
1330 1253 1535 1304 idoneis
1572 1253 1800 1305 homini-

6 1326 14 1395 l
117 1328 231 1394 bus,
255 1330 315 1379 ut
341 1327 387 1378 si
414 1345 519 1395 qua
544 1345 628 1378 res
663 1327 961 1379 honestiori
988 1327 1162 1380 ordini
1186 1328 1414 1395 placeat,
1441 1345 1575 1395 quae
1602 1345 1634 1378 a
1658 1327 1799 1378 dete-

9 1399 12 1410 '
117 1402 255 1453 riore
296 1401 482 1453 ordine
513 1401 865 1470 improbetur,
907 1404 999 1453 aut
1039 1401 1107 1453 ab
1151 1400 1442 1470 [aliquibus
1485 1400 1642 1454 sociis
1685 1402 1798 1466 aut]

118 1475 364 1527 omnibus
389 1475 595 1527 civibus
617 1475 837 1541 [exteris
862 1475 1197 1540 nationibus]
1217 1475 1555 1544 posterisque
1580 1474 1800 1526 nostris,

264 1547 399 1601 Cum
439 1548 748 1601 huiusmodi
798 1549 987 1601 divisio
1041 1549 1112 1600 sit
1151 1549 1393 1601 locorum
1434 1549 1492 1600 in
1532 1549 1801 1601 consulta-

54 1637 95 1669 20
117 1624 284 1689 tione,
339 1623 576 1674 breviter
624 1623 908 1691 aperienda
949 1625 1031 1674 est
1071 1623 1238 1674 totius
1290 1622 1547 1674 tractatio
1597 1640 1801 1674 causae.

117 1696 367 1750 Exordiri
417 1697 600 1748 licebit
652 1697 736 1748 vel
784 1715 814 1748 a
861 1696 1126 1764 principio
1173 1696 1259 1747 vel
1314 1696 1381 1747 ab
1438 1695 1800 1747 insinuatione

94 1771 249 1837 [vel]
289 1770 460 1822 isdem
500 1770 817 1836 rationibUS,
858 1770 1051 1837 quibus
1089 1770 1394 1822 iudicialem
1435 1788 1667 1821 causam.
1747 1767 1802 1820 Si

119 1844 266 1897 cuius
306 1846 382 1895 rei
417 1845 658 1896 narratio
691 1844 905 1910 incidet,
947 1843 1130 1895 eadem
1165 1844 1373 1895 ratione
1406 1844 1616 1895 narrari
1650 1860 1802 1911 opor-

118 1918 269 1970 tebit.
349 1917 616 1979 Quoniam
657 1917 712 1968 in
751 1918 1061 1969 huiusmodi
1102 1917 1277 1969 causis
1310 1917 1433 1968 finis
1469 1922 1550 1968 est
1589 1917 1801 1968 utilitas
1836 1932 1861 1972 8

55 2004 97 2038 25
122 1995 175 2044 et
214 2010 276 2044 ea
318 1991 574 2043 diffiditur
613 1992 669 2043 in
699 1992 964 2043 rationem
1005 1994 1182 2043 tutam
1224 1994 1385 2058 atque
1416 1991 1717 2056 honestam,
1758 1990 1803 2041 si

121 2068 404 2134 utrumque
437 2065 734 2134 poterimus
769 2065 1064 2131 ostendere,
1103 2069 1392 2132 utrumque
1425 2064 1804 2133 pollicebimur

121 2157 217 2192 nos
257 2158 312 2191 m
353 2139 576 2191 dicendo
613 2139 1076 2191 demonstraturos
1112 2157 1249 2206 esse,
1291 2139 1336 2189 si
1378 2139 1622 2203 alterum,
1662 2137 1804 2205 quod

121 2213 314 2266 dicturi
348 2231 547 2275 sumUS‚
581 2213 936 2265 ostendemus.
995 2213 1150 2278 [Aut]
1186 2212 1231 2264 si
1261 2214 1504 2264 nostram
1536 2211 1803 2263 rationem

120 2289 295 2339 tutam
337 2305 452 2339 esse
493 2287 750 2355 dicemuS,
799 2287 1059 2338 divisione
1104 2290 1313 2338 utemur
1345 2285 1401 2337 in
1439 2285 1548 2337 vim
1591 2288 1644 2336 et
1684 2302 1804 2336 con-

0 2406 7 2409 .
56 2361 313 2413 zosilium.
392 2359 534 2413 Nam
577 2361 719 2428 quod
764 2360 820 2412 in
861 2360 1096 2412 docendo
1140 2360 1237 2426 [rei
1287 2359 1514 2411 dilucide
1555 2358 1803 2428 magnifi-

121 2435 319 2488 candae
360 2436 543 2500 causa]
586 2435 768 2487 dolum
810 2434 1218 2503 appellavimus,
1257 2433 1311 2484 id
1351 2434 1407 2483 in
1447 2432 1668 2484 dicendo
1710 2430 1803 2482 ho·

119 2512 324 2561 nestius
365 2509 648 2561 consilium
683 2508 1092 2577 appellabimus.
1165 2505 1220 2559 Si
1259 2506 1525 2558 rationem
1558 2509 1802 2557 nostram

123 2583 494 2649 [sententiam]
551 2584 754 2634 rectam
811 2599 925 2633 esse
981 2582 1216 2633 dicemus
1273 2582 1326 2631 et
1378 2597 1561 2631 omnes
1617 2581 1802 2648 partes

121 2659 250 2709 recti
290 2657 546 2724 meldent,
588 2655 977 2725 quadripertita
1018 2654 1276 2706 divisione
1317 2656 1552 2721 utemur,
1601 2652 1647 2704 si
1692 2670 1803 2703 non

57 2729 378 2796 ³⁵inc1dent,
442 2734 571 2798 quot
636 2733 813 2796 erunt,
874 2731 960 2781 tot
1023 2745 1364 2797 exponemus,
1456 2726 1517 2778 In
1581 2725 1802 2778 dicendo

124 2803 528 2855 confirmatione
585 2807 638 2855 et
691 2802 1058 2856 confutatione
1105 2804 1345 2867 utemur,
1399 2799 1600 2852 nostris
1654 2799 1803 2865 lociS,

124 2895 257 2945 quos
297 2883 421 2929 ante
461 2877 817 2944 ostendimuS,
858 2875 1260 2944 confirmandiS,
1300 2874 1584 2927 contrariis
1625 2872 1803 2926 confu-

0 285 7 306 1
