2075 3235
471 98 648 143 LIBER
679 99 753 144 IV.
819 99 943 145 CAP.
977 105 1135 144 9-10,
1200 104 1223 153 ξ
1261 104 1445 144 12-14.
1731 101 1799 154 73

121 219 388 272 industria
427 237 741 272 conservare
791 219 934 271 soliti
976 223 1117 270 sunt.
1193 218 1269 271 Hi
1323 238 1443 272 cum
1484 238 1538 272 se
1580 223 1634 271 et
1675 239 1798 273 suas

122 311 249 362 opes
304 296 358 346 et
408 292 617 361 copiam
669 292 969 345 necessario
1017 296 1236 360 norunt,
1290 296 1406 345 tum
1453 311 1579 346 vero
1627 294 1798 346 nihilo

122 368 295 419 minus
341 370 563 435 propter
611 366 1071 435 propinquitatem
1123 368 1177 418 et
1225 367 1462 418 omnium
1501 385 1678 418 rerum
1719 385 1799 420 so-

121 441 385 508 cietatem,
417 440 545 508 quid
578 441 824 492 omnibus
857 439 1016 492 rebus
1042 440 1272 508 populus
1299 440 1575 493 Romanus
1600 444 1800 508 posset,

77 528 97 560 5
123 513 257 566 scire
312 516 365 565 et
420 513 726 566 existimare
777 516 1039 582 poterant.
1115 513 1202 581 Hi,
1243 532 1362 566 cum
1411 514 1801 566 deliberassent

118 587 401 640 nobiscum
440 587 642 639 bellum
686 605 891 657 gerere,
933 604 1154 654 quaeSO,
1203 606 1337 655 quae
1385 606 1470 639 res
1512 591 1648 655 erat,
1697 607 1802 657 qua

119 660 244 712 freti
275 661 470 713 bellum
509 661 774 729 suscipere
800 663 1134 727 conarentur,
1168 679 1288 712 cum
1315 662 1484 713 multo
1511 663 1800 713 maximam

119 737 329 803 partem
372 735 637 787 sociorum
675 734 733 786 in
765 733 940 786 officio
974 752 1189 786 manere
1223 735 1640 804 intellegerent?
1682 754 1802 788 cum

121 808 225 860 sibi
263 826 373 860 non
412 808 812 860 multitudinem
854 807 1113 875 militum,
1160 826 1267 859 non
1313 808 1537 861 idoneos
1577 810 1802 877 impera-

54 896 96 927 10
121 886 281 949 tores,
327 900 437 934 non
473 882 755 951 pecuniam
795 881 1067 950 publicam
1107 885 1323 949 praesto
1366 900 1481 933 esse
1521 882 1802 934 viderent?

118 974 228 1007 non
262 956 483 1024 denique
515 956 687 1007 ullam
718 973 846 1020 rem,
885 973 1021 1023 quae
1053 973 1138 1006 res
1171 956 1467 1024 pertineret
1501 955 1567 1006 ad
1599 956 1802 1007 bellum

120 1029 640 1082 administrandum?
705 1027 761 1081 Si
808 1047 928 1081 cum
973 1029 1218 1081 finitimis
1261 1029 1323 1081 de
1364 1029 1562 1080 finibus
1603 1029 1802 1081 bellum

121 1106 393 1173 gererent,
442 1104 487 1155 si
533 1106 709 1155 totum
758 1106 1030 1154 certamen
1075 1103 1131 1154 in
1170 1121 1275 1155 uno
1315 1103 1522 1171 proelio
1563 1103 1801 1171 positum

117 1182 389 1246 putarent,
426 1180 608 1228 tamen
649 1176 896 1228 omnibus
935 1176 1095 1228 rebus
1135 1177 1510 1229 instructiores
1553 1181 1606 1228 et
1645 1195 1803 1245 appa-

53 1264 93 1296 15
119 1251 346 1303 ratiores
393 1251 661 1318 venirent3
716 1251 912 1302 nedum
958 1250 1040 1301 1111
1085 1251 1370 1319 imperium
1419 1250 1565 1302 orbis
1614 1255 1805 1314 terrae,

119 1324 202 1376 0111
240 1324 464 1393 1111Ρο110
507 1342 689 1375 01111103
731 1328 942 1393 genteS,
989 1341 1166 1393 reges,
1205 1325 1454 1376 nationes
1494 1323 1696 1393 partim
1735 1324 1804 1391 vi,

117 1398 317 1467 partim
372 1398 654 1450 voluntate
707 1402 1108 1465 concesserunt,
1158 1416 1278 1450 cum
1338 1402 1432 1450 aut
1495 1398 1657 1449 armis
1712 1402 1805 1449 aut

117 1471 446 1524 liberalitate
496 1490 528 1523 a
572 1471 772 1540 populo
820 1471 1065 1523 Romano
1115 1471 1354 1540 superati
1395 1476 1594 1539 essent,
1644 1471 1709 1523 ad
1750 1489 1805 1523 se

117 1545 408 1598 transferre
439 1545 667 1598 tantulis
699 1544 904 1597 viribus
938 1549 1272 1597 conarentur.
1321 1544 1554 1606 Quaeret
1587 1545 1804 1614 aliquis:

52 1632 94 1664 20
119 1620 293 1681 Quid?
369 1618 676 1688 Fregellani
725 1637 836 1670 non
886 1637 983 1671 sua
1031 1623 1222 1687 sponte
1264 1619 1443 1672 conat-i
1484 1619 1647 1670 sunt?
1724 1618 1804 1670 Eo

121 1693 333 1761 quidem
371 1693 465 1744 isti
505 1692 680 1744 minus
721 1692 879 1744 facile
921 1696 1264 1761 conarentur,
1312 1692 1454 1761 quod
1504 1692 1587 1743 illi
1628 1711 1805 1760 quem·

120 1767 407 1819 admodum
440 1766 827 1834 discessissent,
860 1765 1128 1819 videbant.
1167 1765 1310 1818 Nam
1343 1784 1521 1818 rerum
1552 1766 1805 1835 imperiti,

120 1841 211 1910 qui
249 1841 405 1892 unius
447 1840 700 1908 cuiusque
740 1840 818 1891 rei
858 1839 919 1891 de
959 1840 1118 1891 rebus
1160 1844 1284 1892 ante
1339 1840 1508 1910 gestis
1562 1840 1807 1908 exempla

117 1918 300 1984 petere
339 1932 448 1967 non
486 1917 728 1983 possunt,
767 1913 806 1964 ii
843 1932 940 1982 per
977 1913 1395 1982 imprudentiam
1433 1913 1691 1966 facillime
1725 1914 1806 1966 de-

54 2001 96 2033 25
121 1989 386 2041 ducuntur
424 1988 480 2039 in
517 1987 777 2056 fraudem,
818 1991 875 2039 at
906 1987 969 2055 ii,
1004 1988 1094 2056 qui
1127 1987 1324 2055 sciunt,
1366 1987 1492 2056 quid
1524 1988 1643 2039 aliis
1677 1989 1806 2040 acci-

121 2062 273 2130 derit,
311 2061 468 2115 facile
501 2079 564 2112 ex
597 2061 825 2113 aliorum
859 2064 1065 2113 eventis
1100 2061 1209 2113 suis
1242 2061 1544 2114 rationibus
1577 2065 1806 2130 possunt

119 2135 413 2205 providere.
488 2135 654 2187 Nulla
707 2135 876 2204 igitur
930 2153 988 2187 re
1041 2135 1266 2203 inducti,
1319 2135 1473 2187 nulla
1530 2153 1624 2204 spe
1678 2135 1804 2187 freti

122 2228 270 2262 arma
310 2208 679 2261 sustulerunt?
721 2208 850 2270 Quis
890 2209 992 2261 hoc
1033 2209 1226 2278 credet,
1265 2212 1479 2261 tantam
1512 2210 1805 2261 amentiam

122 2301 441 2352 quemquam
481 2283 732 2351 tenuisse,
770 2287 832 2335 ut
871 2283 1158 2352 imperium
1191 2282 1378 2352 populi
1409 2283 1643 2335 Romani
1674 2287 1805 2334 tem-

54 2370 96 2402 30
120 2361 274 2426 ptare
315 2356 533 2409 auderet
562 2357 727 2408 nullis
761 2357 929 2426 copiis
961 2356 1170 2409 fretus?
1218 2357 1368 2426 Ergo
1402 2357 1606 2424 aliquid
1637 2356 1804 2408 fuisse

119 2449 397 2484 necessum
423 2434 517 2482 est.
544 2429 680 2491 Quid
707 2431 865 2498 aliud,
882 2431 987 2483 nisi
1011 2431 1080 2499 id,
1107 2430 1248 2499 quod
1274 2430 1406 2494 (1100,
1423 2434 1606 2498 potest
1631 2429 1802 2482 esseP'

268 2504 334 2556 In
373 2507 652 2556 attenuato
688 2505 905 2573 [figura]
941 2522 1147 2573 genere,
1180 2505 1232 2556 id
1274 2504 1415 2572 quod
1456 2503 1522 2555 ad
1560 2503 1804 2556 infimum

124 2582 176 2630 et
221 2577 549 2631 cotidianum
600 2596 900 2630 sermonem
940 2578 1231 2631 demissum
1273 2581 1375 2645 est,
1428 2577 1530 2629 hoc
1571 2579 1673 2630 erit
1721 2597 1804 2630 ex-

122 2653 377 2721 emplum:
434 2650 595 2703 ‘Nam
634 2654 694 2704 ut
735 2652 875 2704 forte
915 2652 1002 2704 1110
1041 2653 1098 2703 111
1137 2652 1361 2704 balneas
1402 2651 1565 2715 venit,
1613 2653 1803 2721 coepit,

53 2738 95 2772 35
119 2729 408 2795 postquam
453 2725 701 2794 perfusus
750 2729 852 2794 est,
909 2725 1170 2794 defricari,
1211 2724 1425 2793 deinde,
1479 2724 1573 2777 ubi
1626 2726 1804 2778 visum

121 2803 215 2868 est,
248 2803 309 2852 ut
346 2799 404 2851 in
444 2799 655 2851 alveum
696 2799 1054 2867 descenderet,
1095 2817 1212 2852 ecce
1241 2798 1343 2851 tibi
1382 2799 1486 2851 iste
1529 2799 1591 2850 de
1632 2802 1803 2852 trans-

119 2891 297 2926 verso:
339 2872 541 2941 ‘Heus',
580 2873 769 2942 inquit,
811 2872 1163 2942 ‘adulescenS,
1202 2873 1355 2942 pueri
1395 2872 1477 2925 tui
1516 2873 1674 2925 modo
1718 2891 1802 2925 me

1827 2476 1892 2528 10

1839 2551 1893 2591 14
