2075 3235
142 104 198 144 65
519 97 695 142 LIBER
724 97 779 142 II.
836 97 961 142 CAP.
996 102 1123 143 6-7.
1186 102 1210 150 ξ
1246 103 1431 142 19—24.
1714 98 1815 151 181

143 218 299 271 modo
340 222 444 286 est,
493 234 555 269 ac
600 220 847 286 putatur,
888 219 980 268 aut
1016 233 1123 268 non
1163 216 1207 267 is
1249 218 1468 268 eventus
1510 219 1613 283 est,
1661 235 1819 285 quem

142 291 392 344 arbitrati
438 293 577 342 sunt.
655 289 759 342 Res
800 289 907 342 alio
947 288 1105 341 modo
1147 292 1230 340 est
1268 291 1408 357 tum,
1457 307 1578 341 cum
1618 293 1711 342 aut
1750 290 1818 354 id,

142 364 283 434 quod
335 364 537 415 bonum
594 366 697 430 est,
752 363 954 415 malum
1007 365 1223 430 putant,
1279 365 1371 414 aut
1417 365 1624 430 contra,
1680 363 1819 430 quod

141 437 343 490 malum
383 440 480 504 est,
518 436 734 503 bonum,
774 439 881 504 aut,
919 435 1060 503 quod
1098 452 1195 487 nec
1228 435 1430 486 malum
1471 438 1553 486 est
1591 453 1687 487 nec
1727 435 1818 488 bo-

97 529 117 560 5
140 527 283 578 num,
322 510 525 561 malum
559 512 653 561 aut
684 509 899 575 bonum,
936 511 1044 572 aut,
1084 508 1224 576 quod
1257 508 1460 560 malum
1494 511 1586 559 aut
1618 509 1818 560 bonum

141 586 244 647 est,
294 600 392 636 nec
438 583 639 635 malum
692 599 790 635 nec
837 582 1051 633 bonum.
1136 581 1252 633 Hoc
1298 582 1577 633 intellectu
1636 581 1680 632 si
1728 582 1819 649 qui
1850 599 1906 638 22

137 655 362 726 negabit
394 673 508 708 esse
533 655 702 707 ullam
727 654 1007 724 pecuniam
1032 654 1217 706 fratris
1251 658 1345 706 aut
1378 655 1535 706 amici
1573 654 1688 706 vita
1728 658 1821 706 aut

140 729 364 798 denique
405 729 580 782 officio
623 730 766 794 [suo]
808 727 1165 795 antiquiorem
1207 731 1299 779 aut
1340 728 1664 793 suaviorem,
1710 745 1820 780 non

140 802 242 855 hoc
282 802 384 854 erit
424 802 723 854 accusatori
761 801 1080 869 negandum.
1146 798 1288 852 Nam
1322 801 1378 852 in
1418 818 1537 852 eum
1579 801 1736 870 culpa
1768 805 1821 853 et

76 895 116 925 10
142 894 410 928 summum
452 875 632 928 odium
678 874 1055 940 transferetur,
1102 874 1192 941 qui
1238 873 1313 941 id,
1363 874 1504 941 quod
1543 876 1657 925 tam
1695 891 1821 926 vere

140 953 193 1001 et
242 949 329 1018 pie
377 949 603 1015 dicetur,
648 947 886 1018 negabit.
961 946 1163 998 Verum
1209 946 1344 998 illud
1392 947 1670 999 dicendum
1724 950 1822 1013 est,

138 1022 218 1074 illi
273 1023 352 1075 ita
403 1040 513 1075 non
567 1039 682 1073 esse
729 1021 926 1087 visum3
981 1020 1122 1089 quod
1177 1020 1315 1072 sumi
1367 1024 1582 1088 oportet
1629 1038 1692 1071 ex
1724 1020 1821 1087 iis,

140 1113 275 1164 quae
322 1095 389 1148 ad
435 1113 721 1164 personam
766 1094 1058 1163 pertinent,
1108 1093 1171 1145 de
1219 1111 1323 1162 quo
1371 1096 1496 1161 post
1543 1092 1820 1145 dicendum
1856 1124 1886 1175 7

140 1172 236 1221 est.
305 1168 547 1221 Eventus
581 1171 760 1220 autem
792 1171 908 1219 tum
939 1167 1099 1234 fallit,
1140 1185 1258 1219 cum
1301 1167 1459 1219 aliter
1499 1167 1702 1233 accidit,
1743 1170 1894 1238 at-23

75 1259 115 1292 15
141 1260 242 1311 que
281 1242 342 1309 ii,
382 1242 473 1310 qui
513 1245 834 1310 arguuntur,
875 1240 1127 1292 arbitrati
1167 1258 1281 1292 esse
1323 1240 1592 1292 dicuntur:
1643 1243 1726 1307 ut,
1775 1239 1821 1290 si

140 1317 232 1384 qui
287 1315 494 1367 dicatur
548 1315 713 1366 alium
769 1313 1044 1381 occidisse,
1109 1331 1169 1366 ac
1223 1313 1475 1379 voluerit,
1532 1313 1673 1380 quod
1729 1315 1822 1364 aut

142 1389 491 1441 similitudine
548 1391 641 1440 aut
696 1387 992 1456 suspitione
1041 1390 1133 1439 aut
1181 1386 1634 1438 demonstratione
1682 1385 1824 1437 falsa

141 1462 392 1531 deceptus
434 1462 527 1529 sit;
573 1464 666 1513 aut
706 1479 827 1513 eum
865 1478 1108 1524 necasse,
1158 1460 1306 1512 cuius
1346 1463 1673 1512 testamento
1713 1476 1823 1511 non

142 1536 214 1587 sit
250 1535 432 1603 hereS,
479 1534 621 1602 quod
671 1552 732 1587 eo
772 1537 1098 1586 testamento
1141 1551 1195 1585 se
1235 1534 1485 1585 heredem
1526 1533 1822 1585 arbitratus

74 1626 117 1658 20
141 1610 225 1661 sit.
293 1607 419 1661 Non
451 1608 593 1660 enim
633 1625 697 1659 ex
737 1610 931 1660 eventu
971 1607 1357 1676 cogitationem
1399 1607 1631 1675 spectari
1671 1623 1823 1674 opor—

140 1687 270 1749 tere,
310 1682 401 1734 sed
434 1699 540 1750 qua
572 1680 899 1750 cogitatione
934 1681 1141 1732 animus
1176 1683 1229 1732 et
1263 1698 1356 1749 spe
1397 1680 1464 1732 ad
1502 1679 1822 1732 maleficium

140 1755 413 1824 profectus
471 1755 569 1823 sit,
624 1754 971 1822 considerari3
1028 1772 1132 1823 quo
1189 1754 1368 1806 animo
1426 1753 1550 1822 quid
1599 1753 1822 1822 quisque

140 1829 327 1897 faciat,
364 1847 474 1881 non
521 1846 625 1897 quo
666 1846 792 1881 casu
832 1831 1039 1895 utatur,
1081 1826 1146 1879 ad
1186 1846 1299 1879 rem
1347 1827 1629 1897 pertinere.
1704 1825 1822 1878 Hoc
1856 1844 1913 1883 24

144 1907 324 1955 autem
364 1903 483 1954 loco
525 1905 688 1970 caput
718 1901 853 1953 illud
887 1902 990 1953 erit
1023 1901 1335 1969 accusatori,
1376 1901 1421 1952 si
1454 1901 1823 1952 demonstrare

77 1992 118 2024 25
142 1976 343 2045 poterit
402 1975 497 2028 alii
543 1975 745 2027 nemini
793 1993 1009 2027 causam
1055 1974 1220 2026 fuisse
1267 1974 1518 2042 faciendi3
1575 1973 1824 2026 secunda-

142 2049 299 2117 rium,
331 2049 377 2101 si
410 2050 643 2115 [tantam
676 2050 791 2114 aut]
826 2054 939 2100 tam
972 2048 1219 2100 idoneam
1252 2047 1468 2100 nemini.
1531 2045 1626 2098 Sin
1656 2046 1823 2098 fuisse

145 2123 264 2175 aliis
305 2140 514 2191 quoque
547 2140 707 2174 causa
736 2122 969 2174 faciendi
1000 2122 1283 2188 videbitur,
1324 2125 1417 2173 aut
1455 2123 1699 2190 potestas
1741 2119 1824 2171 de-

142 2195 310 2248 fuisse
357 2195 478 2247 aliis
525 2196 941 2248 demonstranda
980 2199 1063 2247 est
1103 2198 1197 2246 aut
1234 2195 1468 2247 facultas
1510 2198 1602 2246 aut
1640 2193 1824 2245 volun-

144 2275 245 2322 tas,
319 2268 596 2337 PotestaS,
642 2269 688 2321 si
734 2274 827 2321 aut
873 2269 1106 2321 nescisse
1155 2271 1247 2320 aut
1292 2286 1402 2321 non
1450 2267 1682 2320 adfuisse
1732 2270 1827 2318 aut

80 2359 122 2390 30
146 2343 402 2396 conficere
451 2342 652 2410 aliquid
702 2360 811 2394 non
849 2343 1091 2411 potuisse
1132 2342 1387 2394 dicentur.
1464 2340 1739 2407 FacultaS,
1780 2340 1826 2391 si

145 2417 308 2483 rati0,
363 2415 655 2483 adiutoreS,
711 2416 1018 2468 adiumenta
1080 2419 1361 2484 ceteraque
1417 2432 1551 2483 quae
1599 2414 1666 2465 ad
1713 2430 1825 2464 rem

144 2490 431 2560 pertinent,
458 2488 688 2540 defuisse
714 2489 872 2542 alicui
897 2489 1424 2541 demonstrabuntur.
1472 2487 1755 2554 VoluntaS,
1781 2487 1828 2538 si

147 2563 356 2616 animus
390 2581 421 2614 a
450 2562 653 2614 talibus
685 2562 841 2615 factis
873 2581 1071 2615 vacuus
1110 2566 1163 2614 et
1200 2563 1410 2632 integer
1452 2579 1566 2614 esse
1607 2561 1826 2612 dicetur.

145 2635 446 2703 PostremO,
485 2653 615 2703 quas
649 2636 716 2687 ad
753 2635 1114 2689 defensionem
1153 2636 1392 2688 rationes
1432 2653 1521 2687 reo
1564 2634 1826 2700 dabimUS,

81 2725 122 2757 35
145 2710 213 2762 iis
261 2712 539 2762 accusator
590 2709 656 2760 ad
703 2709 838 2761 alios
887 2728 950 2761 ex
997 2710 1155 2779 culpa
1202 2709 1509 2761 eximendos
1559 2709 1826 2760 abutetur.

145 2783 349 2836 Verum
381 2782 436 2833 id
467 2782 618 2834 brevi
648 2782 950 2834 faciendum
983 2788 1064 2835 est
1104 2788 1157 2834 et
1187 2783 1245 2834 in
1283 2801 1448 2835 unum
1488 2782 1662 2834 multa
1702 2784 1827 2832 sunt

148 2855 514 2926 conducenda,
575 2858 637 2907 ut
696 2873 762 2907 ne
825 2855 1046 2908 alterius
1103 2855 1417 2908 defendendi
1472 2873 1632 2908 causa
1684 2855 1825 2906 hunc
