2080 3204
507 140 685 184 LIBER
716 141 794 186 IV.
858 139 981 184 CAP.
1015 145 1144 184 2—3.
1206 144 1230 193 ἓ
1263 144 1390 184 3-5.
1721 140 1788 191 67

111 263 270 316 huius
309 261 521 314 artificii
559 260 761 312 fuerint
811 263 864 312 et
910 262 1179 312 vetustate
1219 258 1328 311 iam
1371 260 1502 311 satis
1546 259 1792 311 omnibus

112 336 328 407 probati
354 335 476 387 sint.
534 334 749 401 Quodsi,
780 334 998 385 illorum
1033 333 1353 385 auctoritate
1386 335 1618 399 remota,
1647 334 1684 401 †
1709 351 1793 384 res

115 427 296 464 omnes
321 409 505 461 volent
539 427 658 460 cum
691 426 748 460 re
775 425 1102 475 comparare,
1135 407 1457 476 intellegent
1481 424 1592 458 non
1616 406 1796 458 omnia

115 483 445 537 concedenda
485 500 599 534 esse
641 481 967 549 antiquitati.
1030 480 1271 532 Primum
1310 481 1495 550 igitur,
1544 479 1685 548 quod
1727 479 1845 531 ab3

73 571 92 603 5
115 559 182 609 iis
216 557 278 608 de
311 556 575 608 modestia
602 555 808 621 dicitur,
839 554 1130 622 videamuS,
1161 573 1227 605 ne
1259 554 1484 605 nimium
1517 553 1797 622 pueriliter

113 630 435 700 proferatur.
475 628 616 681 Nam
658 629 703 680 si
743 632 918 680 tacere
959 631 1052 679 aut
1090 628 1228 679 nihil
1269 628 1499 680 scribere
1533 627 1798 680 modestia

116 708 214 772 est,
247 722 339 756 cur
372 704 656 772 quicquam
691 702 930 754 scribunt
965 705 1057 753 aut
1088 701 1418 769 loquuntur?
1467 700 1561 752 Sin
1595 700 1798 768 aliquid

117 796 272 830 suum
313 777 576 843 scribunt,
616 795 729 844 cur,
771 793 873 843 quo
916 775 1081 827 setius
1123 775 1304 826 omnia
1344 774 1596 842 scribant,
1636 775 1799 842 impe-

116 852 335 903 diuntur
373 851 671 903 modestia?
724 848 888 911 Quasi
928 850 972 900 si
1015 848 1131 916 quis
1174 849 1240 900 ad
1274 847 1527 916 Olympia
1559 867 1677 900 cum
1709 865 1799 900 ve-

51 938 93 969 10
117 925 259 977 nerit
291 942 503 976 cursum
532 926 606 989 [et
632 923 860 991 steterit,
892 926 952 974 ut
977 923 1267 989 mittatur],
1292 922 1631 990 impudentes
1658 921 1799 973 dicat

117 1016 232 1050 esse
270 998 416 1064 illos,
473 999 564 1065 qui
604 1015 813 1049 currere
854 998 1148 1065 coeperint,
1195 996 1311 1065 ipse
1350 996 1494 1047 intra
1534 1012 1799 1047 carcerem

118 1076 224 1124 stet
265 1075 539 1124 et-narret
579 1071 714 1138 aliis,
753 1071 1019 1139 quomodo
1051 1070 1225 1122 Ladas
1260 1074 1352 1121 aut
1382 1068 1620 1121 Boeotus
1655 1067 1800 1136 Sicy-

118 1147 270 1198 onius
317 1145 649 1212 cursitarint,
714 1145 788 1196 sic
837 1145 952 1211 isti,
1007 1163 1126 1196 cum
1172 1145 1228 1195 in
1289 1143 1421 1195 artis
1479 1142 1801 1195 curriculum

119 1219 522 1284 descenderunt,
569 1219 716 1286 illos,
766 1218 857 1286 qui
894 1218 951 1269 in
991 1236 1068 1286 e0,
1109 1217 1250 1286 quod
1290 1221 1372 1268 est
1413 1217 1647 1282 artificii,
1701 1216 1802 1266 ela-

52 1305 94 1337 15
117 1294 326 1360 borent,
360 1293 510 1344 aiunt
540 1291 713 1344 facere
745 1291 1078 1358 immodeste,
1110 1291 1216 1359 ipsi
1249 1290 1484 1358 aliquem
1519 1290 1803 1357 antiquum

120 1370 387 1419 oratorem
420 1369 512 1417 aut
550 1370 766 1433 po'e'tam
807 1365 1031 1417 laudant
1067 1363 1179 1435 [aut
1214 1364 1576 1432 scripturam],
1618 1363 1801 1428 [sicut]

116 1441 175 1492 in
208 1440 440 1492 stadium
472 1439 773 1491 rhetoricae
807 1439 986 1505 [artis]
1020 1439 1235 1507 prodire
1266 1456 1375 1490 non
1409 1438 1618 1490 audent.
1681 1435 1801 1488 Non
1837 1451 1861 1490 5

120 1514 292 1566 ausim
333 1514 520 1581 dicere,
561 1513 652 1565 sed
690 1516 874 1564 tamen
912 1531 1115 1580 vereor,
1153 1531 1234 1578 ne,
1276 1530 1380 1580 qua
1410 1512 1468 1563 in
1500 1529 1556 1562 re
1589 1510 1802 1562 laudem

119 1587 413 1640 modestiae
463 1591 742 1654 venentur,
796 1587 854 1638 in
902 1605 963 1638 ea
1009 1588 1130 1655 ipsa
1184 1604 1241 1637 re
1294 1586 1402 1637 sint
1453 1585 1804 1653 impudentes

54 1675 96 1706 20
122 1661 282 1723 ‘Quid
327 1661 468 1713 enim
519 1661 620 1712 tibi
667 1659 805 1712 vis‘?'
855 1660 1046 1728 aliquis
1094 1659 1318 1727 inquiat.
1396 1657 1606 1709 eArtem
1654 1661 1805 1709 tuam

123 1735 334 1800 scribis3
388 1735 566 1804 gignis
620 1752 787 1786 novas
846 1734 1002 1786 nobis
1058 1732 1489 1802 praeceptiones,
1546 1749 1634 1783 eas
1689 1731 1805 1799 ipse

121 1809 438 1862 confirmare
476 1826 584 1860 non
623 1811 798 1876 potes3
855 1808 920 1859 ab
963 1807 1082 1859 aliis
1124 1807 1368 1875 exempla
1408 1805 1589 1857 sumis
1667 1804 1805 1856 Vide

120 1901 186 1934 ne
226 1881 392 1934 facias
432 1881 784 1949 impudenter,
827 1882 916 1949 qui
948 1885 1040 1933 tuo
1071 1881 1278 1932 nomini
1308 1879 1443 1932 velis
1477 1898 1540 1931 ex
1573 1878 1804 1930 aliorum

121 1956 397 2008 laboribus
448 1955 619 2007 libare
666 1954 912 2008 laudem.⁹
993 1955 1158 2020 [Nam
1206 1954 1251 2005 si
1298 1971 1482 2005 eorum
1531 1953 1807 2005 volumina

57 2042 99 2075 25
123 2029 432 2099 prenderint
472 2029 680 2097 antiqui
712 2033 952 2082 oratores
993 2032 1047 2080 et
1078 2031 1270 2098 poetae
1305 2030 1358 2079 et
1391 2045 1546 2078 suum
1581 2027 1805 2094 quisque

124 2104 186 2155 de
226 2103 381 2155 libris
413 2103 521 2154 tuis
551 2103 752 2170 tulerit,
784 2103 920 2154 nihil
959 2103 1096 2169 istis,
1129 2102 1268 2170 quod
1309 2119 1465 2152 suum
1503 2101 1689 2167 velint,
1729 2118 1805 2151 re-

123 2177 435 2245 linquatur]
492 2176 586 2228 ‘At
619 2178 877 2246 exempla,
910 2176 1164 2245 quoniam
1195 2175 1629 2227 testimoniorum
1663 2173 1802 2225 simi-

124 2251 199 2302 lia
239 2254 384 2317 sunt,
431 2250 561 2302 item
610 2252 859 2303 convenit
905 2254 966 2302 ut
1012 2249 1325 2302 testimonia
1374 2249 1441 2301 ab
1497 2247 1806 2300 hominibus

123 2323 521 2393 probatissimis
557 2323 727 2376 sumi?
781 2324 1022 2376 Primum
1056 2324 1294 2376 omnium
1329 2322 1573 2389 exempla
1604 2338 1806 2389 ponun-

0 2417 15 2458 ι
57 2411 100 2444 30
123 2402 212 2449 tur
250 2397 337 2449 hic
375 2416 484 2450 non
523 2398 872 2450 confirmandi
917 2416 1089 2466 neque
1129 2396 1455 2449 testificandi
1496 2412 1674 2461 causa,
1714 2394 1804 2446 sed

125 2471 541 2524 demonstrandi.
580 2471 706 2524 Non
745 2472 899 2540 enim,
939 2491 1059 2524 cum
1101 2471 1324 2523 dicimus
1359 2487 1474 2521 esse
1509 2469 1807 2520 exornatio-

123 2563 261 2609 nem,
295 2563 429 2613 quae
462 2545 614 2597 verbi
647 2563 807 2597 causa
839 2549 1050 2598 constet
1076 2564 1138 2597 ex
1165 2544 1414 2596 similiter
1440 2542 1806 2594 desinentibus

123 2618 300 2671 verbis
350 2622 404 2670 et
448 2619 697 2687 ponimus
743 2619 844 2672 hoc
892 2619 1195 2688 exemplum
1245 2637 1276 2670 a
1324 2615 1542 2669 Crasso:
1592 2615 1805 2684 ‘quibus

122 2711 407 2761 possumus
454 2696 507 2745 et
555 2692 826 2744 debemus'
873 2693 1243 2746 testimonium
1294 2690 1659 2757 conlocamUS,
1713 2689 1805 2742 sed

0 2783 18 2820 5
58 2779 100 2812 35
125 2767 440 2835 exemplum.
519 2766 637 2818 Hoc
683 2767 908 2819 interest
953 2767 1120 2836 igitur
1159 2766 1300 2816 inter
1338 2763 1710 2816 testimonium
1751 2766 1804 2814 et

127 2841 459 2909 exemplum:
507 2840 750 2908 exemplo
800 2840 1198 2893 demonstratur
1244 2838 1321 2906 id,
1375 2838 1516 2907 quod
1567 2837 1805 2903 (1101111113,

125 2914 421 2967 cuiusmodi
462 2914 555 2981 sit3
600 2914 912 2966 testimonio
965 2932 1079 2966 esse
1118 2912 1254 2964 illud
1292 2913 1395 2978 ita,
1441 2914 1503 2964 ut
1542 2929 1641 2964 nos
1683 2910 1805 2962 dici-

1392 2997 1450 3042 5*
