2080 3204
593 89 710 132 PER
740 87 942 131 ANNOS
975 88 1249 134 DIGESTA.
1632 90 1760 133 XXV

245 328 301 371 43
433 321 582 364 ‘Nihil
604 323 703 364 tam
725 321 968 376 indignum
990 321 1072 364 illo
1096 322 1305 377 tempore
1323 321 1426 377 fuit,
1465 337 1602 377 quam
1631 323 1634 390 ι

371 380 494 435 quod
531 380 612 422 aut
643 379 810 422 Caesar
854 377 1058 433 aliquem
1095 379 1379 434 proscribere
1419 382 1602 425 coactus

372 440 443 481 est
473 440 554 480 aut
583 437 641 480 ab
673 437 769 480 ullo
796 436 954 481 Cicero
986 438 1270 494 proscriptus
1303 440 1372 482 est
1403 439 1601 484 abscisa-

372 510 458 551 que
491 496 659 539 scelere
692 496 884 540 Antonii
914 510 1002 540 vox
1032 496 1218 551 publica
1250 499 1333 551 est,
1370 511 1473 540 cum
1505 498 1600 541 eius
1630 541 1633 549 ,

297 554 300 557 ’
371 555 566 597 salutem
604 567 739 597 nemo
781 555 1085 610 defendisset,
1125 556 1204 609 qui
1243 557 1429 610 per‘tot
1459 570 1602 600 annos

371 616 418 656 et
454 612 687 668 publicam
727 612 930 657 civitatis
971 616 1018 657 et
1058 613 1287 669 privatam
1319 613 1490 657 civium
1521 614 1601 658 de-

370 671 589 715 fenderat.
652 671 785 715 Nihil
813 674 971 715 tamen
1002 672 1154 726 egisti,
1186 672 1246 716 M.
1278 673 1473 716 Antoni:
1510 675 1599 726 (co—

371 730 442 786 git
469 729 608 774 'enim
663 730 881 774 excedere
934 730 1161 785 propositi
1205 731 1401 774 formam
1449 732 1599 787 operis

371 802 611 844 erumpens
642 788 795 832 animo
827 801 881 831 ac
910 792 1100 843 pectore
1130 789 1390 847 indignatio
1402 793 1430 844 ς)
1467 790 1599 844 nihil,

370 847 574 902 inquam,
608 847 757 903 egisti,
788 846 1047 890 mercedem
1076 847 1397 891 caelestissimi
1429 848 1521 892 oris
1553 853 1601 892 et

371 906 612 949 clarissim-i
660 904 825 961 capitis
864 903 1033 948 abscisi
1070 907 1350 950 numerando
1392 909 1599 951 auctora-

370 967 617 1019 mentoque
641 963 823 1007 funebri
846 964 906 1007 ad
930 963 1262 1008 conservatoris
1278 966 1509 1020 quondam
1533 966 1618 1009 rei·

369 1023 583 1078 publicae
621 1022 833 1077 tantique
872 1036 960 1066 cos.
1002 1022 1235 1066 inritando
1275 1036 1448 1067 necem.
1509 1024 1597 1067 Ra·

368 1080 513 1138 puisti
549 1083 649 1124 tum
681 1080 889 1124 Ciceroni
925 1081 1076 1124 lucem
1118 1081 1365 1124 sollicitam
1397 1084 1443 1125 et
1473 1086 1598 1126 aeta-

367 1144 462 1183 tem
495 1139 685 1183 senilem
730 1143 778 1183 et
806 1141 950 1183 vitam
981 1139 1265 1183 miseriorem
1297 1143 1343 1183 te
1375 1141 1598 1196 principe,

369 1212 507 1253 quam
547 1199 632 1241 sub
670 1200 717 1242 te
746 1198 991 1241 triumviro
1022 1200 1239 1241 mortem:
1281 1199 1451 1242 famam
1491 1213 1597 1243 vero

368 1257 655 1312 gloriamque
683 1257 911 1300 factorum
935 1259 1075 1311 atque
1101 1257 1329 1300 dictorum
1361 1258 1475 1301 adeo
1507 1271 1599 1301 non

367 1315 612 1369 abstulisti,
645 1317 698 1358 ut
729 1316 922 1359 auxeris.
981 1314 1111 1358 Vivit
1140 1318 1357 1370 vivetque
1388 1330 1472 1371 per
1504 1329 1598 1360 om-

366 1387 470 1417 nem
509 1375 797 1417 saeculorum
828 1375 1118 1427 memoriam3
1162 1375 1362 1429 dumque
1406 1375 1494 1418 hoc
1524 1375 1599 1418 vel

366 1432 486 1476 forte
510 1432 585 1476 vel
608 1433 902 1489 providentia
924 1434 999 1477 vel
1030 1436 1262 1488 utcunque
1295 1434 1596 1477 constitutum
1627 1475 1630 1480 ,

366 1505 517 1534 rerum
548 1494 741 1536 naturae
782 1505 968 1547 corpus,
1007 1492 1130 1546 quod
1168 1490 1249 1535 ille
1288 1505 1435 1547 paene
1475 1482 1630 1535 solus}

366 1550 677 1594 Romanorum
726 1550 880 1594 animo
923 1549 1058 1603 vidit,
1105 1549 1291 1606 ingenio
1333 1535 1630 1618 complexus}

368 1613 450 1662 est,
484 1609 750 1664 eloquentia
778 1608 1089 1660 inluminavit,
1120 1609 1329 1652 manebit
1354 1609 1597 1660 incolume,

369 1667 586 1711 comitem
611 1669 716 1712 aevi
740 1668 811 1710 sui
837 1668 1019 1710 laudem
1047 1666 1276 1711 Ciceronis
1299 1668 1473 1720 trahet3
1503 1681 1596 1710 om-

367 1727 529 1781 nisque
561 1726 807 1782 posteritas
841 1726 966 1769 illius
988 1727 1037 1768 in
1061 1725 1107 1769 te
1139 1727 1313 1781 scripta
1342 1725 1596 1780 mirabitur,
1625 1753 1629 1810 Ι

336 1788 498 1839 {tuum
536 1785 584 1828 in
630 1799 734 1828 eum
773 1784 947 1827 factum
991 1785 1321 1837 exsecrabitur3
1371 1784 1629 1838 citiusque-

336 1842 537 1887 imundo
594 1857 737 1900 genus
784 1845 1020 1887 hominum
1069 1857 1206 1897 quam
1253 1843 1386 1886 huius
1432 1824 1630 1903 nomen!

335 1890 339 1957 ἔ
367 1903 530 1954 cedet.²
1082 1901 1187 1962 Vell.
1225 1901 1330 1945 Pat.
1363 1900 1436 1944 II.
1464 1905 1538 1945 66.
1625 1904 1631 1956 l

1653 223 1759 255 Anni

1666 266 1740 299 Cic.

1672 329 1727 366 64
