2075 3235
207 64 314 116 200
817 61 896 105 DE
929 61 1307 107 INVENTIONE
1506 41 1514 47 ’
1820 66 1878 106 84

207 184 316 251 fiet,
357 184 402 235 si
443 186 536 235 aut
573 182 643 251 id,
684 183 824 250 quod
865 182 1039 234 dicent
1079 180 1382 233 defensores
1419 181 1661 233 futurum
1698 180 1880 249 fuisse,

206 257 311 308 nisi
335 257 389 308 id
420 256 625 308 factum
659 258 815 321 esset,
849 255 910 306 de
943 272 1047 322 quo
1073 253 1215 305 facto
1241 253 1492 306 iudicium
1519 257 1615 321 est,
1638 253 1879 306 futurum

205 330 372 382 fuisse
410 330 718 399 negabitur3
760 331 852 379 aut
893 327 937 378 si
977 326 1083 378 alia
1122 326 1327 378 ratione
1368 330 1422 378 et
1461 327 1623 379 aliam
1662 327 1730 378 ob
1762 345 1880 380 cau-

209 422 345 470 sam,
399 422 459 455 ac
515 403 653 453 dicet
707 419 825 452 reus
883 417 937 452 se
991 399 1203 467 fecisse,
1258 399 1714 452 demonstrabitur
1764 417 1879 453 esse

210 477 422 529 factum.
500 475 631 526 Eius
687 473 765 525 rei
820 473 1150 524 confirmatio
1207 475 1260 524 et
1309 472 1440 524 item
1492 473 1762 526 contraria
1816 473 1878 525 de
1924 488 1946 520 5

208 553 361 618 parte
402 546 694 599 infirmatio
736 564 799 597 ex
830 546 1177 597 coniecturali
1211 546 1591 598 constitutione
1625 549 1879 598 sumetur.

210 621 303 674 Sin
337 625 516 673 autem
541 623 686 672 certo
711 619 928 671 nomine
955 619 1205 671 maleficii
1229 619 1509 671 vocabitur
1532 619 1589 670 in
1611 618 1879 686 iudicium,

211 697 347 747 sicut
394 695 449 745 in
494 694 593 745 hac
642 710 803 745 causa
854 723 915 729 —
958 710 1084 743 nam
1133 692 1432 744 maiestatis
1484 693 1771 744 arcessitur
1814 722 1874 728 —

123 768 192 820 525
212 767 516 819 definitione
559 769 610 818 et
651 765 950 834 praeceptis
985 765 1307 817 definitionis
1340 765 1419 816 uti
1452 765 1738 834 oportebit.
1785 765 1882 816 At-

128 2762 183 2802 76

213 859 311 909 que
356 841 485 892 haec
537 839 748 907 quidem
796 839 1106 907 plerumque
1155 839 1209 889 in
1247 838 1349 890 hoc
1390 856 1580 908 genere
1621 838 1882 904 accidunt,
1905 854 1950 886 10

210 918 270 966 ut
311 917 364 966 et
404 913 706 966 coniectura
747 915 799 963 et
839 912 1143 963 definitione
1182 912 1438 963 utendum
1471 912 1555 963 sit.
1610 910 1704 964 Sin
1736 911 1882 967 aliud

213 1005 420 1056 quoque
462 987 676 1054 aliquod
719 1003 884 1055 genus
925 985 1143 1051 incidet,
1196 986 1305 1036 eius
1347 985 1556 1054 generis
1596 987 1882 1054 praecepta

211 1061 393 1113 licebit
439 1060 543 1111 huc
588 1059 707 1127 pari
754 1059 959 1110 ratione
1010 1057 1315 1110 transferre.
1391 1056 1533 1110 Nam
1585 1058 1883 1111 accusatori

212 1135 441 1187 maxime
483 1136 564 1185 est
601 1134 659 1184 in
697 1132 796 1184 hoc
838 1131 1234 1199 elaborandum,
1277 1134 1332 1183 ut
1371 1131 1426 1182 id
1456 1133 1634 1200 ipsum
1663 1131 1882 1199 factum,

211 1211 431 1278 propter
479 1206 619 1275 quod
659 1206 762 1257 sibi
801 1224 921 1257 reus
963 1205 1176 1257 concedi
1215 1208 1366 1274 putet
1407 1207 1674 1274 oportere,
1723 1223 1882 1273 quam
1907 1219 1951 1252 15

213 1281 460 1350 plurimis
501 1280 738 1331 infirmet
769 1279 1083 1332 rationibus„
1137 1277 1288 1338 Quod
1320 1278 1477 1330 facile
1506 1281 1605 1345 >est,
1646 1278 1692 1329 si
1724 1296 1884 1346 quam

128 1371 149 1383 ”
216 1354 462 1424 plurimis
483 1352 957 1405 constitutionibus
979 1352 1320 1420 adgrediatur
1338 1352 1392 1402 id
1409 1352 1727 1419 improbare.
1757 1350 1885 1419 Ipsa

215 1432 394 1480 autem
442 1426 772 1494 comparatio
823 1428 1072 1493 separata
1120 1444 1150 1476 a
1198 1425 1384 1476 ceteris
1434 1425 1716 1494 generibus
1763 1442 1884 1477 con-

213 1500 597 1553 troversiarum
653 1500 726 1551 sic
778 1517 841 1550 ex
892 1516 988 1550 sua
1038 1498 1092 1550 vi
1143 1498 1589 1566 considerabitur,
1641 1497 1687 1549 si
1735 1497 1884 1564 illud,

214 1575 353 1643 quod
400 1573 821 1640 comparabitur,
871 1576 963 1623 aut
1007 1589 1115 1623 non
1153 1571 1438 1622 honestum
1477 1574 1569 1622 aut
1607 1589 1715 1623 non
1751 1570 1883 1622 utile
1908 1586 1954 1618 20

215 1654 304 1700 aut
344 1665 453 1698 non
493 1646 852 1697 necessarium
891 1645 1054 1696 fuisse
1095 1650 1187 1696 aut
1223 1662 1333 1696 non
1371 1647 1526 1696 tanto
1563 1662 1721 1712 opere
1752 1643 1884 1695 utile

216 1725 307 1773 aut
353 1739 462 1772 non
508 1723 661 1770 tanto
710 1736 867 1787 opere
918 1718 1205 1769 honestum
1255 1721 1347 1769 aut
1384 1735 1493 1769 non
1532 1720 1686 1769 tanto
1727 1735 1884 1786 opere

214 1793 570 1846 necessarium
632 1791 798 1843 fuisse
861 1791 1327 1843 demonstrabitur.
1402 1790 1606 1843 Deinde
1669 1793 1885 1859 oportet

217 1870 580 1920 accusatorem
619 1866 774 1932 illud,
815 1865 955 1933 quod
994 1865 1108 1933 ipse
1150 1868 1357 1933 arguat,
1398 1864 1464 1916 ab
1506 1882 1582 1932 00,
1622 1864 1763 1932 quod
1802 1863 1884 1915 de-

214 1941 395 1993 fensor
434 1942 723 2006 comparet,
761 1956 1022 2006 separare.
1077 1937 1139 1988 Id
1172 1942 1348 1989 autem
1379 1937 1554 2005 faciet,
1596 1937 1640 1988 si
1672 1937 1883 1989 demon·
1907 1951 1951 1984 25

217 2014 411 2067 strabit
450 2031 558 2064 non
596 2014 673 2064 ita
712 2012 828 2063 fieri
869 2012 1038 2063 solere
1077 2029 1248 2078 neque
1289 2014 1536 2079 oportere
1566 2029 1736 2079 neque
1769 2027 1884 2062 esse

215 2089 502 2153 rationem,
545 2103 706 2154 quare
745 2085 847 2137 hoc
885 2087 1106 2153 propter
1144 2084 1245 2135 hoc
1285 2084 1402 2152 fiat,
1449 2087 1510 2136 ut
1547 2087 1767 2153 propter
1804 2101 1885 2135 sa-

215 2162 382 2213 lutem
422 2160 654 2211 militum
695 2176 772 2225 ea,
813 2176 946 2226 quae
988 2158 1177 2209 salutis
1211 2175 1371 2209 causa
1404 2162 1714 2226 comparata
1746 2160 1884 2221 sunt,

214 2234 460 2286 hostibus
523 2232 818 2284 tradantur.
893 2231 1088 2283 Postea
1143 2249 1452 2299 comparare
1500 2233 1712 2298 oportet
1765 2249 1884 2282 cum

215 2307 469 2360 beneficio
510 2305 829 2357 maleficium
871 2307 923 2355 et
956 2305 1169 2356 omnino
1201 2304 1269 2371 id,
1303 2304 1444 2372 quod
1477 2304 1733 2373 arguitur,
1765 2321 1884 2355 cum
1909 2318 1954 2350 30

218 2399 293 2448 eo,
335 2379 475 2448 quod
513 2379 717 2431 factum
757 2378 823 2430 ab
866 2376 1139 2429 defensore
1180 2377 1430 2429 laudatur
1463 2380 1555 2429 aut
1585 2377 1886 2428 faciendum

215 2454 382 2505 fuisse
439 2453 860 2519 demonstratur,
923 2451 1239 2502 contendere
1295 2453 1348 2502 et
1400 2450 1502 2503 hoc
1555 2449 1885 2502 extenuando

217 2527 464 2579 maleficii
488 2525 912 2594 magnitudinem
938 2524 1096 2575 simul
1123 2524 1399 2593 adaugere.
1448 2523 1512 2576 Id
1533 2523 1651 2575 fieri
1673 2522 1886 2591 poterit,

219 2601 263 2652 si
292 2599 746 2652 demonstrabitur
770 2598 1062 2663 honestiUS,
1095 2597 1297 2665 utilius,
1328 2597 1501 2666 magis
1524 2596 1886 2649 necessarium
1947 2593 1950 2596 ⁴

216 2673 382 2725 fuisse
407 2673 557 2739 illud,
592 2672 731 2740 quod
763 2671 951 2723 vitarit
991 2688 1126 2738 reUS,
1160 2688 1319 2738 quam
1349 2670 1497 2738 illud,
1523 2670 1664 2738 quod
1687 2669 1886 2722 fecerit.
1910 2682 1954 2716 35

217 2746 444 2798 Honesti
487 2750 665 2798 autem
707 2748 760 2796 et
799 2744 950 2796 utilis
992 2747 1045 2795 et
1082 2743 1369 2796 necessarii
1407 2743 1489 2795 vis
1523 2747 1576 2795 et
1605 2745 1800 2795 natura
1830 2742 1888 2793 in

215 2819 615 2871 deliberationis
649 2818 948 2887 praeceptis
975 2820 1340 2886 cognoscetur.
1387 2815 1590 2868 Deinde
1616 2815 1887 2884 oportebit
