2075 3235
175 147 227 186 11
529 140 709 185 LIBER
739 141 771 185 1.
831 141 956 187 CAP.
993 146 1179 184 11-12,
1243 146 1266 195 g
1302 147 1486 186 14—16.
1751 143 1853 195 127

172 279 294 313 611111
341 278 462 312 reus
509 279 618 313 non
663 261 739 328 id,
789 261 929 330 quod
968 261 1172 313 factum
1213 264 1318 328 est,
1365 261 1624 328 defendit,
1665 263 1756 314 sed
1797 269 1857 316 ut

170 335 504 402 ignoscatur,
551 335 809 403 postulat.
883 333 1033 387 Haec
1078 335 1135 386 in
1182 333 1312 386 duas
1361 338 1544 403 partes
1587 335 1854 404 dividitur,

170 407 550 477 purgationem
605 411 659 460 et
714 408 1159 477 deprecationem.
1250 407 1510 476 Purgatio
1568 413 1670 474 est,
1735 427 1855 462 cum

169 481 375 533 factum
399 481 722 550 conceditur,
752 482 909 550 culpa
932 485 1252 534 removetur.
1307 480 1455 534 Haec
1480 485 1663 550 partes
1689 483 1855 535 habet

127 557 297 622 5treS,
342 555 782 623 imprudentiam,
828 573 1030 622 casum,
1070 555 1461 609 necessitatem.
1530 555 1854 624 Deprecatio

172 631 267 695 est,
308 645 428 680 cum
461 634 514 680 et
545 647 791 697 peccasse
825 631 879 679 et
910 629 1155 680 consulto
1193 647 1439 697 peccasse
1479 647 1599 681 reus
1642 647 1696 681 se
1737 648 1856 682 con-

169 701 354 753 fitetur
395 704 448 753 et
486 705 682 770 tamen,
721 705 781 753 ut
820 702 1147 771 ignoscatur,
1187 703 1455 770 postulat,
1505 703 1646 771 quod
1687 721 1855 773 genus

168 792 388 842 perraro
436 779 619 844 potest
667 775 916 828 accidere.
998 774 1247 828 Remotio
1296 776 1532 828 criminis
1584 780 1686 844 est,
1735 795 1855 829 cum

169 848 224 899 id
272 848 494 916 crimen,
544 849 686 918 quod
731 848 980 916 infertur,
1029 850 1094 900 ab
1146 867 1201 900 se
1242 852 1295 900 et
1335 850 1402 901 ab
1443 868 1541 902 sua
1581 851 1739 918 culpa
1782 851 1856 915 [vi

104 937 144 969 10
171 924 224 974 et
256 924 554 990 potestate]
592 924 652 974 ·in
692 922 856 974 alium
895 940 1017 974 reus
1058 941 1332 975 removere
1370 927 1609 976 conatur.
1670 924 1732 975 Id
1766 924 1859 975 du-

169 995 382 1063 pliciter
414 996 532 1047 fieri
562 996 775 1064 poterit,
817 996 862 1047 si
895 999 988 1048 aut
1025 1014 1186 1049 causa
1218 1000 1310 1048 aut
1347 996 1553 1048 factum
1592 997 1650 1048 in
1689 997 1856 1048 alium

168 1069 542 1121 transferetur.
627 1068 803 1123 Causa
853 1070 1200 1138 transfertur,
1256 1089 1375 1122 cum
1431 1070 1607 1122 aliena
1662 1070 1856 1123 dicitur

168 1143 221 1194 vi
261 1146 314 1194 et
352 1146 625 1211 potestate
664 1142 889 1210 factum3
935 1143 1139 1196 factum
1180 1146 1382 1211 autem,
1424 1162 1543 1196 cum
1585 1144 1721 1196 alius
1763 1148 1856 1196 aut

170 1216 418 1268 debuisse
459 1220 551 1269 aut
591 1217 832 1285 potuisse
872 1216 1045 1269 facere
1084 1217 1290 1281 dicitur.
1367 1186 1580 1269 Relatio
1616 1217 1854 1270 criminis

103 1305 144 1337 15
171 1294 273 1357 est,
322 1309 442 1342 cum
489 1290 607 1342 ideo
647 1291 761 1342 11116
801 1290 1006 1342 factum
1047 1279 1263 1358 dicitur,
1312 1288 1471 1359 quocs
1488 1282 1689 1359 aliquis
1731 1295 1854 1343 ante

167 1363 365 1415 iniuria
403 1364 715 1416 lacessierit.
785 1362 1131 1433 Comparatio
1170 1367 1267 1432 est,
1307 1383 1426 1417 cum
1460 1365 1605 1416 aliud
1639 1365 1855 1433 aliquod

167 1437 371 1489 factum
418 1441 623 1489 rectum
671 1440 764 1489 aut
809 1437 942 1489 utile
990 1438 1350 1505 contenditur,
1400 1439 1540 1506 quod
1587 1442 1649 1490 ut
1687 1439 1854 1506 fieret,

167 1511 319 1579 illud,
361 1511 503 1579 quod
543 1511 804 1580 arguitur,
845 1510 1041 1564 dicitur
1081 1529 1196 1564 esse
1237 1514 1599 1565 commissum.

315 1583 382 1636 In
413 1587 607 1653 quarta
640 1585 1039 1654 constitutione,
1082 1604 1244 1654 quam
1275 1586 1655 1638 translativam
1686 1587 1853 1639 nomi-

102 1673 144 1706 20
169 1676 384 1725 namUS,
434 1658 546 1710 eius
596 1659 1000 1711 constitutionis
1042 1665 1123 1711 est
1163 1661 1546 1726 controversia,
1599 1678 1720 1712 cum
1762 1664 1855 1712 aut

1891 1614 1943 1654 16

170 1750 327 1800 quem
382 1735 476 1783 aut
531 1732 746 1800 quicum
794 1736 885 1784 aut
933 1733 1201 1800 quomodo
1250 1736 1344 1785 aut
1393 1733 1533 1802 apud
1582 1751 1714 1801 quos
1764 1740 1856 1785 aut
1905 1795 1908 1798 ⁴

170 1824 274 1874 quo
322 1806 436 1857 iure
478 1809 571 1857 aut
612 1824 716 1874 quo
763 1809 1004 1875 tempore
1054 1824 1212 1876 agere
1261 1810 1531 1876 oporteat,
1580 1807 1855 1874 quaeritur

170 1882 264 1932 aut
305 1879 522 1931 omnino
565 1879 767 1948 aliquid
807 1879 870 1932 de
910 1880 1333 1932 commutatione
1367 1884 1460 1932 aut
1491 1880 1854 1933 infirmatione

170 1953 397 2006 actionis
439 1953 632 2022 agitur.
708 1952 882 2005 Huius
927 1954 1329 2007 constitutionis
1370 1953 1736 2023 Hermagoras
1774 1954 1855 2005 in-

104 2043 145 2075 25
169 2029 360 2079 ventor
393 2045 509 2079 esse
552 2026 912 2095 existimatur,
958 2045 1068 2080 non
1108 2046 1211 2097 quo
1250 2047 1360 2081 non
1398 2028 1483 2080 usi
1523 2028 1632 2080 sint
1672 2045 1734 2080 ea
1772 2046 1855 2079 ve-

169 2105 311 2153 teres
353 2104 596 2152 oratores
637 2119 796 2169 saepe
833 2101 1005 2169 multi,
1047 2102 1137 2153 sed
1172 2102 1296 2170 quia
1327 2120 1435 2154 non
1469 2101 1854 2154 animadverte-

170 2177 296 2226 runt
343 2174 476 2226 artis
524 2174 813 2243 scriptores
862 2193 981 2226 eam
1029 2179 1330 2245 superiores
1383 2193 1481 2228 nec
1530 2176 1856 2227 rettulerunt

170 2248 225 2300 in
273 2265 555 2299 numerum
595 2248 1058 2301 constitutionum.
1135 2249 1266 2301 Post
1306 2252 1487 2302 autem
1529 2250 1595 2301 ab
1636 2249 1738 2301 hoc
1776 2249 1854 2300 in-

170 2325 388 2374 ventam
435 2321 596 2373 multi
640 2322 1116 2391 reprehenderunt,
1165 2341 1297 2391 quos
1350 2341 1459 2375 non
1497 2326 1612 2374 tam
1650 2322 1854 2390 impru-

105 2410 148 2442 30
174 2395 354 2447 dentia
407 2394 526 2446 falli
571 2398 824 2464 putamus
874 2427 941 2434 —-
988 2415 1074 2448 res
1124 2398 1265 2448 enim
1311 2397 1593 2466 perspicua
1640 2399 1722 2447 est
1774 2425 1855 2463 —,

174 2487 333 2538 quam
387 2468 590 2520 invidia
644 2473 805 2538 atque
860 2470 1251 2522 obtrectatione
1307 2470 1537 2538 quadam
1592 2468 1859 2537 impediri,

172 2542 247 2594 Et
279 2542 692 2594 constitutiones
726 2543 940 2611 quidem
973 2548 1026 2596 et
1057 2562 1240 2596 earum
1273 2547 1450 2612 partes
1489 2543 1942 2610 exposuimus312

174 2616 420 2684 exempla
467 2619 648 2667 autem
695 2616 948 2686 cuiusque
988 2617 1197 2686 generis
1237 2620 1353 2669 tum
1395 2616 1728 2669 commodius
1770 2634 1855 2668 ex-

172 2688 406 2758 posituri
435 2688 728 2757 videamur,
767 2708 887 2742 cum
918 2691 975 2742 in
1006 2709 1172 2742 unum
1206 2691 1450 2759 quodque
1483 2708 1668 2742 eorum
1701 2707 1855 2760 argu-

106 2777 149 2810 35
175 2767 476 2814 mentorum
517 2762 728 2832 copiam
768 2763 1030 2818 dabimus,
1090 2763 1234 2816 Nam
1267 2764 1683 2833 argumentandi
1713 2763 1853 2816 ratio

175 2836 454 2889 dilucidior
495 2836 612 2903 erit,
651 2855 771 2888 cum
804 2841 857 2889 et
890 2838 955 2890 ad
989 2855 1156 2907 genus
1194 2841 1248 2890 et
1287 2838 1354 2890 ad
1393 2838 1698 2907 exemplum
1737 2854 1855 2889 cau·

175 2928 265 2962 sae
306 2909 492 2962 stat³m
533 2909 734 2978 poterit
776 2909 1189 2964 adcommodari.
