2080 3204
213 73 280 124 TO
767 73 848 116 AD
883 73 928 118 C.
961 73 1328 117 HERENNIUM

206 192 381 261 poetis
415 193 659 262 exempla
692 196 1048 262 sumpserunt.
1089 193 1312 260 Deinde,
1342 194 1389 245 si
1414 194 1530 262 quis
1557 194 1689 246 velit
1715 197 1887 247 artem

208 266 576 318 demonstrare
630 266 764 318 nihil
819 266 1072 334 prodesse
1125 266 1191 318 ad
1246 266 1547 334 dicendum,
1591 285 1701 320 non
1746 268 1887 320 male

207 342 391 391 utatur
429 340 530 392 1100
572 340 893 406 adiumento,
941 339 1083 407 quod
1122 357 1257 391 unus
1299 357 1480 393 omnes
1530 341 1662 392 artis
1702 344 1885 410 partes

208 414 460 482 consequi
484 431 639 464 nemo
671 412 924 481 potuerit.
964 411 1116 473 Quod
1148 413 1316 482 igitur
1346 413 1496 465 iuvat
1534 433 1719 467 eorum
1757 415 1886 466 rati-

208 505 378 554 onem,
412 487 503 554 qui
529 485 744 538 omnino
777 504 885 537 non
915 487 1145 555 probent
1178 491 1363 553 artem,
1394 486 1449 537 id
1472 505 1580 539 non
1603 488 1887 540 ridiculum
1932 502 1953 536 5

208 565 289 611 est
341 561 518 628 ipsum
569 559 885 627 scriptorem
935 560 1065 611 artis
1114 578 1209 612 suo
1257 560 1451 612 iudicio
1499 561 1885 629 comprobare?

156 633 353 714 ssErgo
407 633 473 684 ab
522 651 627 684 11110
681 633 937 684 511111011ᾶο
986 633 1151 685 fuisse
1204 633 1478 685 docuimus
1527 635 1794 703 exempla,
1841 635 1886 686 si

148 738 173 776 9
208 724 416 774 semper
481 706 694 758 aliunde
759 710 1107 758 sumerentur.
1185 707 1341 759 Nunc
1404 707 1620 759 omnino
1672 707 1886 760 aliunde

207 779 461 831 sumenda
492 798 600 831 non
624 779 789 832 fuisse
818 780 893 832 sic
917 780 1309 850 intellegemus
1366 779 1609 832 Primum
1633 781 1886 849 omnium,

207 853 348 921 quod
397 853 463 905 ab
512 853 644 904 artis
687 853 947 922 scriptore
997 853 1237 906 adfertur
1284 855 1610 923 exemplum,
1651 854 1885 906 eiusdem
1911 871 1952 902 10

206 926 419 978 artificii
468 926 626 978 debet
678 945 807 979 esse.
886 926 963 979 Ut
1007 928 1075 992 [si
1116 927 1233 996 quis
1274 946 1569 997 purpuram
1609 931 1701 980 aut
1741 928 1887 980 aliud

205 1000 482 1068 quippiam
522 1000 756 1052 vendens
797 1000 960 1053 dicat:
1003 999 1161 1052 Sume
1195 1020 1226 1053 a
1258 1019 1366 1068 me3
1401 1002 1492 1053 sed
1522 1001 1680 1054 huius
1715 1020 1886 1054 exem-

202 1074 355 1142 plum
405 1074 618 1125 aliunde
664 1075 870 1143 rogabo
918 1074 1124 1143 tibique
1173 1075 1476 1143 ostendam3
1533 1075 1608 1128 sic
1655 1093 1886 1128 mercem

203 1147 309 1216 ipsi
352 1149 443 1215 qui
473 1148 770 1215 venditant,
803 1148 1015 1200 aliunde
1050 1149 1352 1217 exemplum
1385 1150 1708 1217 quaeritant,
1741 1149 1886 1201 aliud

202 1221 413 1288 merciS,
463 1239 682 1273 acervos
723 1240 839 1274 sese
880 1222 1062 1274 dicunt
1101 1223 1270 1274 tritici
1309 1223 1530 1290 habere,
1578 1241 1762 1275 eorum
1802 1240 1886 1274 ex-
1911 1238 1952 1270 15

204 1295 440 1363 emplum
465 1312 648 1364 pugno
680 1313 788 1347 non
819 1295 1038 1362 habent,
1064 1296 1205 1364 quod
1238 1296 1568 1364 ostendant3]
1604 1296 1650 1348 si
1674 1295 1886 1365 Tripto-

202 1368 389 1436 lemuS,
430 1386 549 1420 cum
590 1368 898 1420 hominibus
940 1387 1121 1421 semen
1159 1370 1465 1438 largiretur,
1505 1370 1620 1438 ipse
1662 1371 1728 1422 ab
1762 1369 1884 1422 aliis

201 1441 256 1492 id
309 1441 617 1494 hominibus
671 1446 1029 1510 mutuaretur,
1087 1446 1180 1494 aut
1236 1444 1280 1495 si
1327 1443 1682 1495 Prometheus
1695 1485 1709 1510 ,
1764 1461 1885 1495 cum

201 1515 524 1567 mortalibus
563 1515 745 1584 ignem
796 1516 1030 1568 dividere
1069 1517 1255 1583 vellet,
1300 1517 1416 1585 ipse
1458 1536 1489 1568 a
1527 1517 1715 1569 vicinis
1764 1535 1885 1569 cum

201 1592 343 1641 testo
391 1589 674 1640 ambulans
723 1590 1073 1642 carbunculos
1115 1593 1457 1659 conrogaret,
1507 1590 1763 1642 ridiculus
1810 1590 1885 1642 vi·
1909 1605 1951 1637 20

202 1663 439 1714 deretur:
486 1662 580 1714 isti
619 1663 895 1732 magistri,
951 1664 1189 1715 omnium
1239 1663 1446 1716 dicendi
1491 1667 1884 1733 praeceptoreS‚

199 1753 309 1787 non
348 1735 597 1787 videntur
638 1736 742 1787 sibi
786 1737 1007 1789 ridicule
1046 1737 1244 1805 facere,
1292 1756 1412 1790 cum
1451 1737 1527 1806 id,
1577 1738 1717 1806 quod
1764 1738 1883 1789 aliis

199 1809 546 1878 pollicentur,
595 1810 662 1861 ab
704 1810 824 1862 aliis
866 1811 1165 1879 quaerunt?
1245 1809 1300 1863 Si
1341 1811 1432 1879 qui
1465 1829 1520 1863 se
1558 1811 1736 1863 fontes
1776 1829 1885 1862 ma·

200 1883 373 1935 ximos
423 1883 638 1952 penitus
680 1884 1022 1936 absconditos
1064 1884 1335 1953 aperuisse
1376 1885 1519 1937 dicat
1559 1888 1612 1936 et
1650 1884 1781 1937 haec
1813 1884 1884 1936 si-

200 1957 340 2008 tiens
389 1975 508 2008 cum
554 1957 786 2009 maxime
833 1958 1087 2026 loquatur
1124 1976 1293 2027 neque
1332 1958 1552 2025 habeat,
1595 1958 1686 2026 qui
1733 1958 1881 2010 sitim
1906 1971 1950 2004 25

203 2030 366 2097 sedet,
406 2048 514 2082 non
554 2031 829 2082 rideatur?
892 2031 994 2083 Isti
1035 2050 1153 2084 cum
1193 2050 1302 2083 non
1343 2032 1500 2086 modo
1542 2031 1785 2084 dominos
1827 2049 1883 2083 se

200 2103 455 2170 fontium,
505 2104 596 2155 sed
645 2122 700 2156 se
746 2105 893 2173 ipsos
940 2105 1119 2157 fontes
1168 2123 1283 2157 esse
1325 2105 1504 2158 dicant
1552 2108 1605 2157 et
1645 2106 1885 2158 omnium

201 2177 379 2246 rigare
414 2177 645 2228 debeant
683 2177 916 2247 ingenia,
954 2197 1063 2231 non
1101 2182 1297 2246 putant
1335 2179 1450 2231 fore
1490 2178 1792 2247 ridiculum,
1824 2179 1884 2245 si,

202 2270 321 2303 cum
359 2251 414 2302 id
453 2251 838 2320 polliceantur,
895 2256 1141 2304 arescant
1179 2253 1284 2322 ipsi
1325 2253 1603 2305 siccitate?
1680 2251 1883 2305 Chares

203 2325 270 2376 ab
310 2323 549 2393 Lysippo
591 2327 800 2376 statuas
838 2325 1013 2377 facere
1060 2344 1170 2378 non
1214 2327 1322 2378 isto
1362 2327 1520 2379 modo
1570 2326 1775 2393 didicit,
1823 2328 1950 2377 utso

199 2397 470 2466 Lysippus
511 2402 674 2467 caput
721 2399 1026 2451 ostenderet
1064 2399 1396 2469 Myronium,
1443 2399 1665 2453 brachia
1704 2399 1884 2451 Praxi—

200 2471 355 2538 telae,
388 2474 575 2540 pectus
607 2471 978 2541 Polycletium,
1013 2473 1104 2525 sed
1137 2474 1317 2526 omnia
1349 2492 1529 2527 coram
1561 2472 1885 2542 magistrum

199 2544 484 2597 facientem
540 2546 781 2614 videbat,
836 2550 1134 2599 ceterorum
1190 2565 1355 2616 opera
1404 2548 1490 2600 vel
1541 2565 1638 2599 sua
1692 2549 1884 2616 sponte

201 2620 416 2686 poterat
456 2620 815 2672 considerare:
862 2620 956 2672 isti
996 2620 1218 2672 credunt
1259 2639 1376 2689 eos,
1416 2621 1508 2689 qui
1545 2621 1676 2673 haec
1716 2620 1885 2672 velint

205 2691 425 2759 discere,
475 2693 583 2744 alia
620 2693 830 2746 ratione
878 2694 1054 2746 doceri
1100 2713 1258 2763 posse
1306 2694 1651 2747 commodius,
1727 2692 1950 2745 Prae-35

202 2768 350 2816 terea
388 2783 454 2816 ne
494 2770 721 2834 possunt
761 2767 972 2835 quidem
1013 2785 1095 2835 ea,
1137 2786 1271 2836 quae
1313 2771 1596 2820 sumuntur
1635 2767 1702 2819 ab
1748 2767 1885 2834 aliis,

203 2839 447 2908 exempla
486 2843 598 2891 tam
640 2859 755 2892 esse
797 2841 1206 2894 adcommodata
1247 2842 1314 2894 ad
1354 2845 1548 2910 artem,
1594 2843 1886 2910 propterea

152 2662 181 2712 7

118 2736 170 2775 10
