2075 3235
167 78 222 118 67
539 71 719 116 LIBER
749 72 804 116 Π.
862 71 990 117 CAP.
1024 76 1152 116 8-9.
1210 76 1234 125 5
1265 75 1453 116 25—31.
1735 71 1839 124 183

313 191 398 244 Ex
427 209 657 259 persona
689 196 868 244 autem
901 191 1205 243 coniectura
1237 190 1491 258 capietur,
1534 190 1579 242 si
1612 209 1703 243 eae
1743 209 1844 259 reS,
1876 192 1908 244 9

168 282 303 334 quae
356 264 598 333 personis
655 265 949 317 attributae
1005 269 1152 330 sunt,
1208 263 1492 332 diligenter
1548 263 1844 316 considera-

167 338 383 405 buntur,
423 355 555 406 quas
596 355 780 390 omnes
811 337 867 389 in
898 337 1073 406 primo
1107 337 1247 388 libro
1281 336 1641 404 exposuimus,
1702 335 1846 388 Nam

167 414 223 463 et
276 410 340 462 de
385 410 601 462 nomine
656 428 1061 478 nonnumquam
1113 408 1311 477 aliquid
1362 409 1675 478 suspitionis
1723 427 1846 462 nas-

126 497 146 529 5
170 483 323 536 citur.
386 482 597 536 Nomen
638 488 818 536 autem
858 502 976 536 cum
1017 483 1256 550 dicimuS,
1297 499 1596 552 cognomen
1637 500 1846 551 quoque

167 557 514 626 intellegatur
560 560 787 626 oportet.
863 555 944 608 De
991 556 1224 607 hominis
1266 557 1408 607 enim
1448 558 1594 608 certo
1639 559 1691 607 et
1728 573 1846 624 pro-

166 630 285 698 prio
331 630 594 682 vocabulo
643 630 844 700 agitur3
891 633 951 681 ut
999 629 1045 680 si
1094 629 1330 681 dicamus
1378 629 1572 681 idcirco
1614 629 1847 697 aliquem

168 701 392 755 Caldum
438 703 638 771 vocari,
686 703 826 771 quod
875 702 1159 754 temerario
1209 706 1262 753 et
1301 703 1581 770 repentino
1622 702 1846 755 consilio

168 775 260 841 sit3
308 780 401 828 aut
441 777 486 828 si
525 794 587 828 ea
625 794 681 828 re
721 776 1029 828 hominibus
1071 774 1288 828 Graecis
1331 775 1643 844 [imperitis]
1684 776 1848 828 verba

102 863 144 895 10
168 848 393 917 dederit,
447 850 587 918 quod
627 847 843 902 Clodius
884 852 977 901 aut
1019 847 1280 901 Caecilius
1323 852 1416 900 aut
1455 848 1656 900 Mutius
1697 867 1848 901 voca-

166 925 335 988 retur3
391 927 446 974 et
501 923 563 974 de
616 926 811 974 natura
865 922 990 974 licet
1044 922 1381 990 aliquantum
1433 921 1622 974 ducere
1679 923 1847 991 suspi-

165 995 345 1047 tionis,
423 995 615 1047 Omnia
663 996 797 1048 enim
849 996 1004 1063 haec,
1053 995 1134 1047 vir
1182 1013 1250 1047 an
1299 995 1513 1063 mulier,
1567 995 1727 1048 huius
1781 1014 1850 1048 an

165 1068 308 1120 illius
356 1069 594 1121 civitatis
643 1069 733 1136 sit,
782 1069 974 1138 quibus
1017 1069 1087 1120 sit
1127 1069 1445 1137 maioribUS,
1495 1068 1687 1137 quibus
1728 1086 1849 1121 con-

167 1142 492 1210 sanguineis,
534 1161 637 1211 qua
679 1145 870 1211 aetate,
912 1161 1015 1211 quo
1058 1142 1251 1210 animo,
1293 1161 1395 1211 quo
1437 1160 1673 1210 corpore,
1714 1160 1849 1211 quae

99 1227 142 1261 15
165 1219 389 1267 naturae
423 1218 547 1267 sunt
580 1217 861 1281 attributa,
894 1216 961 1268 ad
996 1216 1231 1284 aliquam
1265 1216 1625 1268 coniecturam
1653 1215 1848 1268 facien-

166 1289 289 1340 dam
320 1289 680 1357 pertinebunt.
735 1288 806 1340 Et
839 1307 901 1341 ex
933 1289 1077 1341 victu
1108 1290 1310 1340 multae
1342 1289 1635 1341 trahuntur
1676 1289 1847 1357 suspi-

164 1362 357 1429 tioneS,
398 1380 534 1429 cum,
574 1362 1021 1431 quemadmodum
1056 1365 1109 1414 et
1142 1362 1285 1430 apud
1318 1380 1449 1431 quos
1491 1365 1543 1413 et
1583 1380 1615 1413 a
1655 1362 1847 1430 quibus

165 1435 419 1488 educatus
446 1439 500 1486 et
535 1435 772 1487 eruditus
804 1436 888 1502 sit,
922 1436 1211 1504 quaeritur,
1254 1438 1306 1487 et
1339 1436 1654 1504 quibuscum
1687 1436 1848 1503 vivat,

164 1527 271 1578 qua
309 1509 518 1561 ratione
558 1509 716 1576 vitae,
769 1527 871 1578 quo
914 1527 1059 1561 more
1100 1508 1393 1561 domestico
1434 1510 1594 1561 vivat.
1671 1508 1746 1560 Et
1786 1527 1849 1560 ex

98 1596 141 1628 20
164 1582 382 1634 fortuna
430 1600 587 1650 saepe
636 1583 1032 1651 argumentatio
1079 1583 1341 1650 nascitur,
1388 1601 1507 1635 cum
1558 1600 1739 1634 servus
1781 1600 1851 1634 an

164 1656 316 1723 liber,
356 1656 672 1724 pecuniosus
707 1674 775 1708 an
813 1674 1032 1725 pauper,
1070 1656 1268 1708 nobilis
1309 1674 1379 1707 an
1409 1656 1679 1724 ignobiliS,
1718 1655 1850 1708 felix

166 1747 236 1782 an
274 1728 477 1796 infelix,
515 1730 760 1798 privatus
795 1748 863 1781 an
902 1730 958 1781 in
997 1732 1267 1798 potestate
1309 1729 1380 1781 sit
1421 1732 1513 1781 aut
1550 1729 1715 1781 fuerit
1756 1732 1849 1781 aut

163 1801 378 1854 futurus
427 1803 520 1871 sit,
567 1803 956 1871 consideratur3
1004 1806 1096 1855 aut
1144 1803 1367 1871 denique
1415 1802 1615 1871 aliquid
1664 1820 1848 1856 eorum

165 1877 461 1946 quaeritur,
509 1895 643 1945 quae
689 1876 938 1928 fortunae
986 1895 1101 1928 esse
1149 1877 1409 1928 attributa
1446 1876 1850 1945 intelleguntur.

99 1963 141 1995 25
165 1949 399 2002 Habitus
447 1952 651 2015 autem,
707 1950 958 2019 quoniam
1013 1951 1069 2002 in
1117 1950 1298 2019 aliqua
1343 1949 1583 2019 perfecta
1630 1954 1682 2002 et
1730 1968 1849 2002 con-

166 2024 333 2076 stanti
373 2023 540 2076 animi
580 2027 673 2076 aut
705 2024 943 2092 corporis
978 2024 1317 2076 absolutione
1351 2023 1614 2091 consistit,
1656 2041 1760 2092 quo
1793 2024 1851 2075 in

167 2114 360 2167 genere
400 2099 483 2148 est
521 2097 707 2164 virtuS,
749 2098 972 2150 scientia
1005 2100 1058 2150 et
1095 2115 1229 2166 quae
1270 2096 1542 2149 contraria
1582 2100 1724 2160 sunt,
1763 2114 1848 2148 res

165 2171 307 2240 ipsa,
353 2188 513 2223 causa
560 2172 759 2239 posita,
807 2171 1041 2238 docebit,
1090 2170 1277 2239 ecquid
1323 2170 1409 2223 hic
1450 2188 1659 2238 quoque
1699 2171 1848 2222 locus

168 2243 482 2312 suspitionis
538 2245 802 2296 ostendat.
887 2243 1030 2296 Nam
1081 2244 1397 2296 adfectionis
1447 2244 1660 2312 quidem
1707 2244 1847 2296 ratio

99 2331 142 2363 30
167 2317 507 2387 perspicuam
539 2318 678 2370 solet
708 2336 836 2387 prae
869 2336 925 2369 se
958 2335 1141 2387 gerere
1173 2318 1552 2384 coniecturam,
1591 2320 1651 2369 ut
1685 2335 1849 2384 amor,

167 2390 458 2458 iracundia,
497 2391 760 2459 molestia,
799 2395 1086 2460 propterea
1122 2391 1264 2460 quod
1297 2394 1350 2443 et
1382 2391 1622 2459 ipsorum
1654 2391 1733 2442 vis
1773 2390 1849 2441 in-

166 2464 448 2533 tellegitur
487 2468 553 2532 et,
601 2482 735 2532 quae
773 2482 858 2517 res
897 2465 1090 2517 harum
1131 2465 1368 2532 aliquam
1408 2482 1522 2516 rem
1561 2481 1848 2532 consequa-

167 2542 271 2605 tur,
308 2537 466 2590 facile
506 2538 727 2607 cognitu
765 2541 860 2590 est.
938 2537 1182 2591 Studium
1229 2542 1410 2590 autem
1459 2537 1601 2605 quod
1641 2540 1724 2589 est
1763 2537 1848 2589 ad-

169 2611 322 2663 sidua
361 2614 416 2662 et
446 2611 788 2663 vehementer
827 2612 1060 2681 aliquam
1097 2612 1164 2663 ad
1196 2629 1310 2663 rem
1344 2611 1618 2680 applicata
1649 2628 1849 2680 magna

101 2699 143 2731 35
168 2704 286 2738 cum
331 2685 613 2753 voluptate
661 2686 960 2753 occupatio,
1005 2685 1165 2737 facile
1214 2703 1276 2737 ex
1325 2703 1385 2737 eo
1436 2684 1656 2737 ducetur
1695 2701 1848 2753 argu-

167 2759 452 2825 mentatiO,
501 2776 660 2827 quam
707 2776 792 2809 res
839 2758 958 2826 ipsa
998 2757 1322 2810 desiderabit
1360 2758 1418 2810 in
1456 2775 1633 2810 causa.
1710 2758 1847 2809 Item

168 2850 233 2884 ex
264 2831 489 2884 consilio
524 2835 765 2884 sumetur
798 2831 999 2899 aliquid
1032 2831 1372 2901 suspitionis;
1403 2849 1529 2883 nam
1563 2831 1845 2884 consilium

1879 939 1935 979 29

1880 1526 1937 1566 30

1882 2554 1932 2593 31
