2075 3235
242 146 345 198 162
831 146 910 190 DE
943 145 1323 190 INVENTIONE
1854 152 1911 192 46

311 264 469 318 Nam
518 267 570 318 si
616 270 894 332 veretur,
951 265 1097 333 quid
1146 282 1279 316 eum
1328 282 1607 333 accuseS,
1664 265 1770 333 qui
1817 269 1913 318 est

1295 337 1574 405 probus?

314 410 425 464 Sin
463 410 958 463 inverecundum
1000 409 1194 461 animi
1233 410 1556 478 ingenium
1595 409 1913 479 possidet,

312 483 470 546 Quid
529 488 735 536 autem
794 500 1075 549 accuses,
1132 483 1236 551 qui
1290 482 1351 533 id
1401 483 1582 550 parvi
1629 483 1913 535 auditum

1296 555 1632 607 aestimet?
1958 570 1979 603 5

236 630 353 696 Hic,
396 630 504 680 sive
544 628 715 681 vereri
757 628 951 679 dixeris
992 628 1102 680 sive
1141 645 1250 679 non
1289 628 1483 695 vereri,
1522 628 1913 680 concedendum

236 703 337 755 hoc
377 707 553 770 putat,
600 705 660 752 ut
699 719 860 770 neges
903 719 1016 753 esse
1058 701 1426 754 accusandum.
1504 699 1655 761 Quod
1695 718 1914 753 conver-

238 776 383 827 sione
432 775 505 826 sic
553 774 981 843 reprehenditur:
1034 773 1224 825 ‘Immo
1272 791 1395 825 vero
1445 774 1769 825 accusandus
1817 777 1914 826 est.

238 847 380 899 Nam
437 848 481 899 si
536 852 772 914 veretur,
830 865 1066 914 accuses3
1121 864 1230 898 non
1284 846 1422 900 enim
1471 847 1625 915 parvi
1672 846 1913 898 auditum

239 921 561 972 aestimabit.
640 918 734 971 Sin
777 920 1190 973 inverecundum
1231 919 1395 971 animi
1433 919 1708 988 ingenium
1747 922 1914 988 possi·
1939 935 1982 967 10

150 1011 205 1050 84
238 995 348 1061 det,
396 999 576 1046 tamen
625 1011 861 1060 accuses3
912 1011 1020 1045 non
1060 994 1200 1045 enim
1239 993 1440 1062 probus
1481 991 1595 1045 est.⁹
1673 991 1913 1044 Alterius

238 1072 417 1119 autem
476 1067 647 1136 partis
702 1067 1060 1118 infirmatione
1118 1066 1220 1118 hoc
1274 1065 1431 1118 modo
1486 1065 1914 1135 reprehenditur:

238 1139 458 1192 ‘Verum
492 1141 537 1192 si
570 1143 797 1207 veretur,
839 1140 1177 1192 accusatione
1209 1143 1303 1190 tua
1335 1142 1602 1191 correctus
1636 1139 1703 1190 ab
1736 1141 1914 1191 errato

236 1212 479 1266 recedet.2
543 1212 894 1265 Enumeratio
926 1213 1123 1265 vitiosa
1163 1212 1508 1280 intellegitur,
1550 1212 1596 1263 si
1636 1215 1729 1263 aut
1766 1229 1915 1280 prae-

236 1287 455 1339 teritum
488 1286 740 1356 quiddam
774 1286 1013 1354 dicimuS,
1046 1285 1188 1354 quod
1219 1286 1446 1337 velimus
1481 1285 1780 1353 concedere,
1822 1288 1915 1337 aut
1940 1300 1981 1332 15

236 1361 508 1412 infirmum
549 1359 750 1429 aliquid
792 1360 1220 1426 adnumeratum,
1271 1358 1412 1426 quod
1452 1361 1545 1409 aut
1584 1361 1773 1411 contra
1811 1357 1915 1409 dici

237 1434 411 1502 possit
452 1436 544 1485 aut
578 1451 737 1485 causa
769 1451 877 1484 non
917 1433 1002 1497 sit,
1042 1450 1204 1500 quare
1243 1449 1352 1483 non
1382 1431 1607 1483 honeste
1646 1431 1914 1500 possimus

238 1506 537 1559 concedere.
614 1505 944 1557 Praeteritur
992 1505 1241 1573 quiddam
1287 1505 1344 1556 in
1390 1504 1650 1556 eiusmodi
1703 1521 1915 1557 enume-

237 1580 560 1632 rationibus:
611 1577 894 1639 ‘Quoniam
932 1578 1100 1629 habes
1141 1579 1304 1630 istum
1345 1595 1552 1646 equum,
1593 1581 1687 1629 aut
1725 1577 1914 1629 emeris

238 1656 453 1722 oportet
487 1655 579 1703 aut
610 1651 907 1703 hereditate
939 1650 1214 1720 possideas
1256 1653 1349 1702 aut
1387 1667 1606 1702 munere
1647 1652 1914 1719 acceperis
1939 1665 1982 1697 20

238 1729 332 1778 aut
364 1725 509 1777 domi
540 1725 643 1776 tibi
675 1729 834 1776 natus
877 1724 947 1775 sit
988 1728 1094 1791 aut,
1135 1724 1180 1775 si
1221 1741 1404 1776 eorum
1442 1723 1579 1774 nihil
1620 1727 1718 1791 est,
1757 1723 1916 1775 surri-

236 1799 415 1868 pueris
455 1816 669 1850 necesse
710 1802 813 1849 est:
862 1797 954 1849 sed
990 1815 1160 1865 neque
1195 1797 1374 1849 emisti
1412 1814 1581 1864 neque
1619 1796 1917 1849 hereditate

238 1872 384 1924 venit
435 1890 605 1940 neque
654 1871 882 1923 donatus
931 1874 1013 1922 est
1058 1888 1228 1939 neque
1276 1869 1420 1922 domi
1464 1873 1622 1921 natus
1671 1873 1773 1922 est:
1826 1887 1914 1922 ne-

149 1960 206 2000 85
239 1963 383 1997 cesse
431 1950 512 1997 est
561 1962 688 2013 ergo
731 1942 1084 2013 surripueriS.³
1163 1942 1281 1996 Hoc
1322 1942 1596 1995 commode
1634 1942 1916 2012 reprehen-

240 2018 404 2085 ditur,
462 2018 506 2069 si
555 2017 657 2069 dici
704 2018 880 2086 possit
929 2034 991 2068 ex
1037 2016 1285 2068 hostibus
1334 2033 1499 2084 equus
1549 2033 1664 2068 esse
1711 2020 1982 2085 cathS,25

239 2091 386 2144 cuius
412 2090 637 2158 praedae
664 2092 828 2142 sectio
860 2108 969 2142 non
993 2090 1241 2156 venierit3
1276 2107 1378 2157 quo
1410 2089 1580 2140 inlato
1612 2089 1917 2141 infirmatur

239 2164 593 2231 enumeratio,
634 2163 883 2232 quoniam
923 2163 978 2214 id
1030 2167 1112 2214 est
1158 2163 1454 2229 inductum,
1504 2161 1646 2230 quod
1684 2165 1915 2230 praeter-

149 2237 220 2290 46
238 2238 374 2289 itum
415 2241 497 2289 est
535 2238 591 2288 in
631 2236 1043 2288 enumeratione.
1104 2235 1292 2287 Altero
1327 2239 1505 2287 autem
1545 2235 1703 2288 modo
1743 2252 1916 2304 repre·

236 2310 520 2378 hendetur,
577 2310 623 2361 si
671 2313 764 2362 aut
811 2312 998 2362 contra
1045 2308 1245 2377 aliquid
1294 2308 1519 2372 dicetur,
1570 2308 1673 2360 hoc
1719 2312 1824 2376 est,
1871 2308 1917 2360 si

239 2384 467 2450 exempli
506 2401 679 2451 causa,
724 2386 785 2434 ut
822 2383 878 2435 in
918 2381 1102 2434 eodem
1141 2399 1428 2449 versemur,
1466 2381 1669 2450 poterit
1707 2380 1916 2434 ostendi
1940 2394 1982 2428 30

236 2456 535 2509 hereditate
589 2457 821 2524 venisse,
877 2459 970 2508 aut
1028 2455 1075 2507 si
1120 2454 1256 2506 illud
1303 2458 1600 2506 extremum
1652 2472 1762 2506 non
1815 2454 1917 2506 erit

238 2533 394 2598 turpe
446 2530 754 2596 concedere,
803 2532 865 2581 ut
905 2529 951 2580 si
991 2528 1101 2596 qui,
1150 2546 1269 2580 cum
1317 2527 1511 2580 dixerit
1557 2526 1912 2580 adversarius:

240 2601 370 2654 ‘Aut
417 2603 638 2654 insidias
685 2602 860 2655 facere
915 2601 1137 2654 voluisti
1186 2604 1279 2653 aut
1328 2601 1500 2653 amico
1550 2617 1752 2652 morem
1802 2617 1916 2670 ges-

240 2675 359 2726 sisti
408 2679 499 2726 aut
548 2676 838 2745 cupiditate
887 2675 1060 2726 elatus
1111 2673 1200 2742 eS,'
1250 2673 1419 2726 amico
1461 2691 1517 2726 se
1557 2691 1760 2726 morem
1801 2689 1915 2742 ges·

151 2765 205 2804 86
240 2749 372 2800 sisse
438 2748 685 2800 fateatur.
783 2748 1022 2815 Simplex
1077 2750 1255 2798 autem
1311 2746 1579 2800 conclusio
1634 2745 1915 2814 reprehen-
1939 2757 1984 2791 35

240 2821 397 2889 ditur,
424 2822 469 2872 si
493 2821 608 2888 hoc,
635 2822 776 2890 quod
803 2820 1056 2889 sequitur,
1081 2838 1188 2872 non
1204 2820 1448 2872 videatur
1470 2819 1770 2871 necessario
1795 2836 1916 2871 cum

241 2912 317 2961 ec,
357 2894 498 2962 quod
539 2894 843 2962 antecessit,
882 2894 1179 2946 cohaerere.
1249 2891 1391 2945 Nam
1429 2891 1531 2945 hoc
1565 2891 1801 2962 quidem:
1840 2889 1917 2943 ‘Si
