2075 3235
127 141 183 181 45
483 134 661 178 LIBER
693 133 724 178 l.
790 133 915 178 CAP.
949 137 1138 177 43—45.
1203 137 1228 186 ξ
1262 137 1449 177 80-83.
1694 132 1795 184 161

126 253 478 323 comparabili
518 253 720 321 aliquid
759 252 1053 319 inducetur,
1094 251 1345 319 quoniam
1385 251 1438 303 id
1478 269 1572 319 per
1612 250 1798 302 simili-

124 328 363 379 tudinem
395 326 624 378 maxime
656 328 934 392 tractatur,
965 325 1022 376 in
1053 324 1486 393 reprehendendo
1521 324 1799 375 conveniet

126 400 300 451 simile
331 399 385 450 id
415 416 614 468 negare
648 417 777 466 esse,
810 397 950 466 quod
983 397 1299 464 conferetur,
1339 397 1402 464 ei,
1436 397 1648 464 quicum
1681 413 1800 448 con-

123 473 336 524 feretur.
403 471 466 522 Id
511 472 626 523 fieri
672 471 894 540 poterit,
943 470 988 521 si
1028 470 1482 521 demonstrabitur
1530 469 1800 520 diversum

81 559 240 597 5esse
281 562 495 614 genere,
540 547 754 612 natura,
801 544 877 610 vi,
924 544 1316 612 magnitudine,
1356 547 1620 610 tempore,
1667 543 1802 608 Ιοῡο,

125 635 375 686 persona,
423 617 696 685 opinione,
746 635 806 669 ac
847 616 917 681 si,
965 634 1068 684 quo
1109 617 1164 667 in
1203 634 1424 668 numero
1464 615 1613 683 illud,
1661 614 1802 683 quod

124 709 217 758 per
257 690 662 742 similitudinem
703 690 986 756 adferetur,
1027 692 1080 740 et
1113 708 1216 757 quo
1250 691 1307 740 in
1338 690 1456 741 loco
1497 689 1612 755 hoe,
1653 688 1801 740 cuius

125 781 285 816 eausa
318 764 601 831 adferetur,
631 763 819 815 haberi
855 762 1152 829 conveniat,
1193 763 1519 814 ostendetur.
1580 760 1802 828 Deinde,

126 837 251 905 quid
290 854 375 888 res
416 855 535 889 cum
574 854 631 888 re
664 836 889 903 differat,
929 836 1440 887 demonstrabimus:
1482 853 1543 886 ex
1576 853 1679 902 quo
1714 834 1802 885 do-

61 924 101 954 10
125 910 362 963 cebimus
411 909 554 961 aliud
601 909 664 960 de
710 927 795 977 eo,
851 909 991 976 quod
1040 909 1462 977 comparabitur,
1514 911 1568 958 et
1615 907 1678 958 de
1727 924 1804 973 e0,

127 983 339 1051 quicum
379 983 794 1050 comparabitur,
836 982 1142 1034 existimare
1184 985 1446 1050 oportere.
1515 979 1690 1032 Huius
1729 979 1805 1031 fa-

126 1056 342 1108 cultatis
389 1056 620 1108 maxime
660 1055 1035 1125 indigebimuS,
1084 1074 1205 1107 cum
1245 1073 1308 1107 ea
1353 1055 1473 1123 ipsa
1524 1070 1804 1122 argumen-

125 1129 284 1195 tatio,
331 1147 465 1198 quae
511 1147 608 1198 per
656 1129 1019 1181 inductionem
1059 1132 1341 1195 tractatur,
1381 1128 1484 1179 erit
1522 1126 1806 1195 reprehen-

126 1197 345 1266 denda&
396 1200 453 1253 Si
506 1202 799 1254 iudicatum
852 1202 1070 1270 aliquod
1116 1202 1399 1268 inferetur,
1455 1200 1707 1269 quoniam
1752 1198 1807 1250 id

61 1288 102 1322 15
128 1293 190 1326 ex
228 1275 313 1326 his
353 1275 485 1327 locis
525 1276 756 1327 maxime
794 1275 1068 1327 firmatur:
1108 1275 1264 1326 laude
1306 1293 1504 1341 eorum,
1545 1273 1636 1341 qui
1674 1272 1806 1323 iudi-

126 1351 337 1415 carunt-3
383 1348 732 1400 similitudine
781 1349 891 1400 eius
938 1348 1036 1415 rei,
1085 1366 1190 1416 qua
1230 1348 1292 1399 de
1333 1347 1534 1417 agitur,
1583 1346 1650 1398 ad
1689 1364 1807 1396 eam

125 1439 260 1487 rem,
315 1439 420 1490 qua
474 1421 537 1473 de
583 1421 876 1474 iudicatum
924 1425 1028 1489 est,
1083 1425 1138 1473 et
1184 1419 1650 1474 commemorando
1699 1437 1808 1471 non

126 1495 283 1547 modo
328 1513 439 1547 non
478 1512 593 1547 esse
631 1495 1015 1562 reprehensum
1054 1494 1332 1562 iudicium,
1385 1494 1477 1546 sed
1525 1493 1592 1546 ab
1642 1492 1806 1545 omni-

125 1569 225 1620 bus
266 1569 647 1636 a-pprobatum3
688 1571 741 1620 et
781 1568 1196 1620 demonstrando
1236 1567 1507 1620 difficilius
1548 1570 1602 1618 et
1633 1566 1807 1618 maius

60 1656 102 1687 20
126 1641 292 1693 fuisse
332 1641 399 1693 ad
437 1641 800 1710 iudicandum,
841 1641 982 1709 quod
1023 1641 1316 1707 adferatur,
1358 1659 1515 1710 quam
1558 1639 1626 1707 id,
1669 1639 1809 1707 quod

125 1716 315 1766 instet:
363 1733 427 1767 ex
474 1715 756 1767 contrariis
805 1715 960 1782 lociS,
1016 1715 1063 1766 si
1107 1733 1192 1766 res
1243 1717 1336 1766 aut
1383 1732 1510 1766 vera
1558 1716 1650 1765 aut
1697 1711 1810 1764 veri

129 1788 321 1840 similis
361 1789 653 1856 permittet,
695 1785 959 1840 infirmari
998 1788 1282 1855 oportebit.
1358 1787 1537 1855 Atque
1577 1786 1680 1838 erit
1720 1786 1809 1837 ob-

128 1861 447 1914 servandum
486 1862 795 1931 diligenter,
845 1880 913 1913 ne
950 1861 1088 1912 nihil
1127 1862 1194 1912 ad
1233 1861 1309 1929 id,
1350 1879 1454 1929 quo
1496 1860 1559 1912 de
1601 1863 1811 1928 agatur,

126 1935 396 2004 pertineat
433 1934 501 2002 id,
543 1935 684 2003 quod
722 1935 1017 1987 iudicatum
1059 1935 1152 2002 sit3
1193 1938 1247 1986 et
1280 1934 1567 1986 videndum
1609 1935 1706 1999 est,
1743 1950 1810 1983 ne

60 2020 103 2053 25
129 2026 193 2061 ea
238 2026 324 2060 res
370 2007 698 2076 proferatur,
752 2009 808 2059 in
856 2027 961 2076 qua
1008 2008 1079 2059 sit
1128 2008 1411 2075 offensum,
1456 2010 1519 2058 ut
1566 2006 1628 2058 de
1675 2005 1810 2074 ipso,

129 2081 221 2150 qui
258 2081 530 2149 iudicarit,
575 2081 830 2134 iudicium
869 2081 986 2134 fieri
1025 2081 1286 2133 videatur.
1362 2079 1589 2148 Oportet
1628 2083 1810 2132 autem
1843 2095 1897 2134 83

129 2154 577 2222 animadvertere,
630 2173 723 2223 ne,
777 2173 898 2208 cum
953 2154 1111 2207 aliter
1167 2155 1276 2206 sint
1335 2155 1507 2206 multa
1559 2153 1810 2220 iudicata,

131 2228 434 2280 solitarium
506 2228 709 2296 aliquid
768 2232 862 2281 aut
922 2246 1104 2280 rarum
1166 2227 1459 2280 iudicatum
1522 2226 1810 2278 adferatur.

129 2300 271 2353 Nam
315 2301 401 2352 his
449 2302 609 2353 rebus
649 2302 944 2354 auctoritas
982 2301 1205 2354 iudicati
1244 2301 1475 2353 maxime
1514 2302 1697 2367 potest
1735 2299 1811 2350 in-

63 2389 106 2421 30
128 2374 345 2426 firmari.
421 2373 602 2443 Atque
642 2392 704 2426 ea
744 2375 972 2443 quidem,
1017 2392 1152 2443 quae
1193 2374 1348 2443 quasi
1386 2373 1691 2441 probabilia
1729 2391 1811 2424 su-

130 2451 357 2514 mentur,
382 2447 450 2499 ad
472 2447 613 2500 hunc
644 2452 862 2500 modum
893 2448 1151 2516 temptari
1187 2447 1474 2515 oportebit.
1515 2445 1661 2507 Quae
1685 2463 1810 2498 vero
1829 2445 1899 2497 45

132 2520 289 2572 sicuti
319 2521 620 2572 necessaria
645 2521 901 2588 dicentur,
933 2540 995 2574 ea
1028 2521 1073 2573 si
1096 2521 1239 2573 forte
1267 2520 1626 2572 imitabuntur
1650 2519 1809 2571 modo

129 2594 488 2646 necessariam
536 2595 1060 2662 argumentationem
1110 2611 1282 2663 neque
1330 2596 1486 2645 erunt
1535 2592 1811 2659 eiusmodi,

132 2666 207 2719 sic
231 2667 707 2736 reprehendentur:
739 2667 971 2735 primum
998 2667 1421 2736 comprehensiO,
1454 2684 1604 2735 quae,
1629 2670 1811 2717 utrum

65 2754 108 2786 35
133 2741 474 2806 concesseriS,
506 2739 663 2792 debet
693 2740 900 2808 tollere,
941 2741 986 2793 si
1018 2759 1144 2792 vera
1176 2744 1274 2808 est,
1316 2757 1607 2808 numquam
1638 2756 1811 2806 repre-

130 2813 414 2880 hendetur;
449 2813 532 2864 sin
563 2812 717 2880 falsa,
749 2813 955 2865 duobus
992 2813 1181 2876 modiS,
1214 2816 1307 2864 aut
1337 2812 1685 2866 conversione
1720 2815 1811 2862 aut

131 2886 351 2938 alterius
384 2886 556 2955 partis
589 2886 947 2939 infirmatione
983 2885 1014 2956 [.
1048 2885 1448 2953 Conversione,]
1489 2886 1594 2938 hoc
1626 2884 1807 2936 modo:

225 2978 315 3012 cic,
339 2981 368 3012 1.
1403 2975 1454 3014 11
