2080 3204
473 117 655 162 LIBER
684 119 822 163 1—11.
886 119 1010 163 CAP.
1045 126 1202 165 16—-1,
1264 126 1289 175 g
1321 127 1480 169 27—1.
1752 125 1819 175 15

86 269 90 271 Δ
140 238 332 304 partes
348 236 810 305 constitutionum,
842 238 1195 293 iudicationes
1223 259 1432 310 quoque
1456 242 1638 311 plures
1664 248 1819 295 erunt

140 310 198 360 in
234 326 342 360 una
382 327 557 376 causa,
599 311 690 362 sed
730 330 914 364 omnes
956 313 1122 365 simili
1160 315 1368 366 ratione
1407 316 1757 384 reperientur.

287 378 483 433 Sedulo
525 383 764 437 dedimus
814 404 1056 454 operam,
1103 390 1165 439 ut
1202 388 1438 440 breviter
1479 392 1533 440 et
1572 389 1816 456 dilucide,

142 454 334 522 quibus
398 455 461 506 de
517 457 676 508 rebus
734 459 906 511 adhuc
971 460 1252 512 dicendum
1312 461 1441 529 fuit,
1505 462 1817 514 diceremus,

94 535 117 568 ⁵
138 525 296 580 Nunc
328 529 581 596 quoniam
615 532 749 583 satis
781 532 937 583 huius
970 533 1259 586 voluminis
1284 535 1600 605 magnitudo
1634 535 1816 597 crevit,

138 601 470 653 commodius
504 606 586 655 est
616 604 672 655 in
698 605 869 657 altero
902 605 1042 658 libro
1070 607 1132 658 de
1167 609 1356 660 ceteris
1382 609 1542 660 rebus
1568 607 1816 676 deinceps

139 692 422 743 exponere,
483 694 550 728 ne
613 695 718 745 qua
770 681 994 746 propter
1047 680 1449 733 multitudinem
1510 683 1816 734 litterarum

136 747 311 815 possit
357 749 596 801 animum
650 754 805 803 tuum
853 751 1171 821 defatigatio
1229 755 1519 806 retardare.
1598 752 1655 806 Si
1709 773 1815 823 qua

135 821 342 873 tardius
382 823 536 889 haec,
584 841 747 891 quam
787 824 990 891 studeS,
1039 826 1416 894 absolventur,
1465 846 1584 879 cum
1634 845 1814 880 rerum

70 902 113 934 10
136 895 498 964 magnitudini
542 900 660 948 tum
705 898 906 949 nostris
957 916 1168 967 quoque
1225 901 1667 969 occupationibus
1723 902 1814 953 ad-

136 968 351 1037 signare
392 969 624 1024 debebis,
699 969 1090 1023 Verumtamen
1130 975 1520 1025 maturabimus
1563 977 1631 1041 et,
1672 975 1815 1043 quod

133 1042 356 1111 negotio
398 1043 720 1095 diminutum
758 1045 942 1112 fuerit,
982 1047 1397 1113 exaequabimus
1436 1047 1716 1115 industria,
1753 1051 1814 1100 ut

134 1133 233 1183 pro
272 1118 366 1167 tuo
405 1116 462 1168 in
499 1135 597 1169 nos
640 1117 833 1184 officio,
871 1137 970 1185 pro
1010 1122 1197 1171 nostro
1237 1121 1294 1171 in
1323 1124 1377 1172 te
1412 1121 1588 1172 studio
1623 1140 1814 1174 munus

132 1188 238 1241 1100
277 1188 768 1243 adcumulatissime
807 1196 932 1242 tuae
972 1192 1269 1262 largiamur
1308 1194 1592 1248 voluntati.

637 1524 718 1583 [M.
750 1525 950 1569 TULLH
982 1525 1318 1582 CICERONIS]

937 1637 1007 1668 AD

468 1732 544 1801 O.
605 1731 1490 1802 HERENNIUM

604 1898 692 1945 DE
733 1899 911 1946 ARTE
950 1897 1338 1947 RHETORICA

654 2052 865 2097 LIBER
904 2053 1284 2099 SECUNDUS.
1833 2124 1860 2175 1

65 2161 108 2194 15
278 2145 343 2197 In
388 2144 562 2213 primo
618 2144 781 2212 libro,
835 2143 1099 2213 Herenni,
1151 2145 1389 2197 breviter
1451 2147 1808 2214 exposuimuS‚
1846 2201 1867 2238 1

131 2237 264 2287 quas
305 2236 493 2270 causas
531 2217 768 2286 recipere
808 2221 1080 2270 oratorem
1119 2222 1395 2287 oporteret
1435 2223 1487 2271 01
1519 2221 1577 2271 111
1617 2222 1808 2289 quibus

132 2292 426 2361 [partibus]
485 2290 674 2343 officiis
726 2292 905 2356 [artis]
956 2292 1234 2344 elaborare
1289 2293 1601 2345 conveniret
1647 2297 1700 2345 et
1748 2312 1810 2347 ea

131 2365 310 2418 officia
350 2383 456 2432 qua
493 2364 701 2416 ratione
731 2364 989 2417 facillime
1029 2366 1286 2433 consequi
1316 2369 1515 2434 posset.
1591 2365 1809 2435 Verum,

131 2439 272 2507 quod
310 2456 483 2505 neque
532 2437 594 2489 de
643 2438 891 2490 omnibus
938 2438 1099 2490 rebus
1149 2439 1307 2490 simul
1348 2439 1451 2490 dici
1499 2442 1716 2507 poterat
1756 2445 1810 2493 et

62 2528 107 2560 20
131 2513 195 2564 de
227 2511 478 2564 maximis
510 2510 669 2563 rebus
700 2512 935 2580 primum
968 2512 1309 2564 scribendum
1340 2511 1460 2579 fuit,
1493 2530 1597 2580 quo
1631 2516 1809 2566 cetera

129 2586 232 2637 tibi
278 2585 524 2636 faciliora
571 2585 792 2653 cognitu
837 2585 1168 2652 viderentur,
1221 2585 1301 2637 ita-
1345 2585 1502 2637 nobis
1548 2586 1809 2654 placitum

130 2662 228 2726 est,
259 2661 320 2710 ut
353 2676 429 2723 ea,
469 2675 603 2726 quae
636 2657 957 2710 difficillima
996 2661 1190 2725 essent,
1228 2658 1574 2726 potissimum
1614 2659 1807 2712 scribe-

128 2750 323 2784 10111113.
402 2728 698 2783 Causarum
736 2732 845 2784 tria
883 2749 1080 2801 genera
1120 2735 1266 2783 sunt:
1309 2731 1807 2800 demonstrativum,

130 2804 554 2874 deliberativum,
593 2804 855 2858 iudiciale.
925 2804 1100 2856 Multo
1142 2804 1520 2857 difficillimum
1558 2805 1806 2858 iudiciale

65 2892 109 2925 25
134 2881 238 2947 est3
301 2895 430 2945 ergo
493 2877 547 2929 id
609 2877 844 2945 primum
900 2878 1242 2930 absolvemus
1297 2877 1400 2931 hoc
1466 2881 1542 2944 [et
1602 2879 1803 2947 priore]
