2075 3235
141 1036 194 1075 26

230 164 335 216 134
810 163 888 206 DE
921 162 1302 206 INVENTIONE
1858 169 1911 209 13

227 283 589 336 insinuatione
622 283 843 335 dicenda
871 282 1207 348 videbantur,
1246 281 1379 333 haec
1409 282 1521 334 fere
1555 285 1695 336 sunt.
1756 281 1913 336 Nunc

227 358 442 426 quidem
489 357 638 409 brevi
686 355 1041 408 communiter
1089 354 1151 405 de
1199 357 1427 422 utroque
1478 356 1912 425 praecipiendum

226 431 451 484 videtur.
527 430 821 495 Exordium
876 427 1266 480 sententiarum
1314 435 1366 479 et
1414 429 1702 497 gravitatis
1749 430 1911 499 pluri-

227 523 374 556 mum
423 504 581 555 debet
618 499 819 554 habere
860 505 912 554 et
953 501 1169 554 omnino
1212 501 1414 569 omnia,
1465 520 1601 569 quae
1639 504 1913 572 pertinent

228 579 295 630 ad
329 577 667 646 dignitatem,
700 576 757 627 in
791 594 846 627 se
880 575 1168 641 continere,
1199 578 1591 643 proptereaque
1624 576 1679 636 id
1712 578 1912 645 optime

228 650 527 704 faciendum
575 653 678 714 est,
724 649 864 718 quod
918 652 1188 701 oratorem
1229 648 1461 700 auditori
1499 649 1732 701 maxime
1772 668 1912 703 com-

228 725 466 789 mendat;
522 723 822 792 splendoris
878 727 932 775 et
985 721 1302 774 festivitatis
1360 725 1413 773 et
1460 722 1913 776 concinnitudinis

228 798 532 864 minimum,
587 799 875 866 propterea
931 795 1074 864 quod
1130 814 1193 847 ex
1243 795 1328 847 his
1377 795 1605 864 suspitio
1655 797 1914 865 quaedam

231 870 599 940 adparationis
669 873 829 938 atque
901 869 1223 929 artificiosae
1287 869 1600 939 diligentiae
1659 870 1914 937 nascitur,

230 963 362 1012 quae
411 944 640 1009 maxime
689 944 922 996 orationi
967 936 1150 1010 fidem,
1199 941 1400 994 oratori
1448 943 1638 995 adimit
1686 944 1914 996 auctori-

229 1021 411 1071 tatem.
461 1008 640 1088 lVitia
686 1035 811 1068 vero
859 1018 991 1069 haec
1039 1019 1164 1068 sunt
1211 1016 1513 1068 certissima
1561 1017 1915 1085 exordiorum,

229 1110 363 1161 quae
404 1109 744 1160 summopere
784 1091 954 1142 vitare
997 1090 1290 1159 oportebit:
1340 1091 1579 1160 vulgare,
1620 1109 1915 1159 commune,

230 1165 635 1231 commutabile,
682 1165 927 1234 longum,
969 1168 1298 1232 separatum,
1338 1165 1687 1232 translatum,
1728 1168 1916 1217 contra

228 1243 531 1306 praecepta.
615 1237 856 1307 Vulgare
904 1241 1008 1306 est,
1039 1237 1205 1306 (quod
1250 1238 1307 1288 in
1353 1238 1535 1305 plures
1585 1256 1772 1290 causas
1820 1257 1916 1307 po-

229 1316 339 1364 test
379 1306 812 1379 adcommodari,
844 1315 905 1363 ut
945 1311 1227 1364 convenire
1266 1310 1526 1363 videatur.
1604 1310 1914 1380 Commune,

231 1387 371 1454 quod
403 1386 571 1437 nihilo
605 1386 780 1437 minus
813 1385 870 1436 in
893 1385 1046 1452 hanc,
1079 1403 1240 1453 quam
1269 1384 1326 1435 in
1351 1385 1679 1437 contrariam
1702 1389 1915 1455 partem

232 1478 443 1526 causae,
483 1462 664 1527 potest
704 1459 1000 1511 convenire.
1079 1458 1499 1529 Commutabile,
1540 1459 1680 1527 quod
1721 1460 1788 1511 ab
1829 1459 1916 1511 ad-

230 1533 468 1584 versario
524 1535 707 1601 potest
734 1532 952 1584 [leviter
1006 1535 1289 1595 mutatum„
1335 1550 1398 1583 ex
1445 1532 1716 1584 contraria
1761 1536 1915 1601 parte

231 1607 347 1658 dici.
408 1606 655 1675 Longum
690 1609 785 1673 est,
828 1605 969 1674 quod
1000 1605 1246 1674 pluribus
1281 1604 1459 1656 verbis
1498 1608 1592 1657 aut
1631 1606 1914 1658 sententiis

230 1680 375 1731 ultra
431 1698 592 1747 quam
649 1679 781 1730 satis
839 1682 935 1747 est,
966 1679 1290 1747 producitur.
1379 1676 1720 1747 Separatum‚
1774 1679 1916 1748 quod

229 1772 338 1805 non
379 1772 439 1804 ex
478 1753 598 1821 ipsa
638 1771 799 1804 causa
840 1752 1058 1804 ductum
1092 1756 1174 1804 est
1204 1770 1301 1804 nec
1316 1750 1472 1811 (sicut
1505 1752 1720 1821 aliquod
1754 1771 1916 1805 mem-

229 1827 410 1905 hrum,¹
429 1826 692 1878 adnexum
733 1826 983 1878 orationi.
1060 1825 1409 1894 Trans-latum
1450 1829 1548 1894 est,
1588 1827 1732 1894 quod
1771 1827 1915 1878 aliud

232 1900 466 1967 conficit,
517 1919 679 1968 quam
728 1919 917 1952 causae
966 1917 1133 1970 genus
1180 1900 1445 1968 postulat:
1493 1903 1554 1952 ut
1601 1900 1646 1951 si
1695 1900 1786 1968 qui
1826 1901 1915 1953 do-

232 1974 387 2026 cilem
426 1975 592 2025 faciat
633 1973 955 2040 auditorem,
1006 1992 1126 2026 cum
1166 1973 1587 2029 benivolentiam
1628 1991 1789 2026 causa
1828 1973 1914 2026 de-

233 2047 449 2114 sideret,
506 2050 600 2098 aut
647 2047 692 2098 si
738 2047 1001 2117 principio
1049 2050 1263 2113 utatur,
1319 2065 1440 2098 cum
1493 2047 1913 2099 insinuationem

231 2139 316 2172 res
356 2121 612 2188 postulet.
683 2118 886 2172 Contra
905 2124 1204 2193 ‘praecepta
1237 2122 1333 2188 est,
1373 2120 1515 2188 quod
1553 2120 1691 2172 nihil
1731 2139 1914 2173 eorum

662 2183 737 2197 ἡκ
768 2180 903 2191 *——...--

157 2242 160 2249 .
234 2194 412 2261 efficit,
454 2197 682 2262 quorum
722 2212 882 2246 causa
923 2195 985 2246 de
1019 2193 1248 2245 exordiis
1281 2196 1570 2262 praecepta
1601 2193 1914 2262 traduntur3

231 2268 333 2319 hoc
367 2270 463 2334 est,
504 2267 647 2335 quod
680 2285 814 2335 eum,
856 2267 946 2335 qui
984 2267 1146 2333 audit,
1186 2285 1356 2335 neque
1396 2267 1706 2319 benivolum
1743 2286 1916 2336 neque

234 2344 501 2393 attentum
532 2358 703 2409 neque
737 2341 962 2393 docilem
996 2341 1172 2408 efficit,
1215 2344 1320 2408 aut,
1361 2360 1465 2410 quo
1497 2340 1633 2392 nihil
1672 2341 1915 2410 profecto

233 2415 383 2482 peius
426 2417 523 2482 est,
562 2412 623 2466 ut
663 2417 850 2467 contra
890 2415 975 2479 sit,
1013 2413 1157 2477 facit.
1220 2414 1300 2466 Ac
1342 2414 1404 2467 de
1445 2414 1662 2467 exordio
1704 2415 1916 2483 quidem

236 2488 366 2540 satis
409 2488 626 2540 dictum.

381 2560 637 2633 Narratio
693 2565 776 2614 est
830 2581 1006 2614 rerum
1066 2564 1343 2631 gestarum
1393 2564 1486 2614 aut
1532 2564 1592 2613 ut
1641 2564 1916 2631 gestarum

239 2631 526 2702 expositioss'
562 2634 967 2688 ‘Narrationum
1000 2653 1197 2705 genera
1229 2635 1335 2687 tria
1369 2638 1516 2686 sunt:
1549 2654 1714 2701 unum
1747 2652 1915 2704 genus

236 2710 341 2773 est,
387 2708 443 2759 in
490 2727 592 2776 quo
639 2710 759 2778 ipsa
807 2728 968 2762 causa
1015 2712 1068 2760 et
1118 2709 1289 2760 omnis
1337 2709 1477 2760 ratio
1518 2708 1915 2761 controversiae

1943 961 1981 993 10

1943 1328 1983 1360 15

1941 1696 1983 1727 20

1940 2063 1982 2096 25

1941 2430 1984 2462 30

237 2781 563 2850 continetur,
598 2784 842 2853 alterum,
875 2784 932 2835 in
965 2801 1067 2851 quo
1103 2782 1365 2851 digressio
1400 2782 1581 2850 aliqua
1613 2785 1765 2834 extra
1795 2800 1914 2834 cau·
1939 2795 1983 2827 35

237 2872 351 2905 sam
407 2859 500 2906 aut
556 2856 944 2909 criminationis
995 2859 1087 2908 aut
1135 2855 1500 2907 similitudinis
1550 2858 1642 2907 aut
1689 2854 1914 2907 delecta-

235 2928 397 2979 tionis
437 2946 545 2980 non
586 2930 792 2982 alienae
834 2931 900 2982 ab
942 2948 1002 2982 eo
1042 2931 1286 2999 negotiO,
1327 2947 1429 2997 quo
1472 2929 1535 2980 de
1576 2928 1770 2997 agitur,
1823 2931 1916 2980 aut
