2080 3204
249 145 282 196 6
811 144 890 187 AD
924 145 971 189 C.
1006 143 1369 187 HERENNIUM

250 264 432 332 aliqua
471 281 543 330 re,
585 281 720 331 quae
760 264 930 314 risum
971 281 1184 314 movere
1217 262 1411 330 possit,
1452 263 1518 315 ab
1554 263 1813 333 apologO,
1851 262 1930 315 fa-

248 338 377 389 bula
413 336 548 402 [veri
581 336 784 402 simili],
824 336 1141 401 imitatione,
1182 335 1576 403 depravatione,
1615 336 1930 403 inversione,

250 410 561 475 abiectione,
602 409 913 476 suspitione,
952 408 1223 474 inrisione,
1264 408 1513 475 stultitia,
1552 409 1930 479 superlatione,

250 483 602 543 conlectione,
643 482 949 532 litterarum
989 481 1309 545 mutatione3
1349 485 1626 549 praeterea
1659 484 1928 550 exspecta-

250 557 410 622 tione,
450 553 799 606 similitudine
842 554 1050 622 [turpij,
1088 554 1345 621 novitate,
1377 554 1619 622 historia,
1658 573 1830 622 versu,
1862 555 1929 606 ab

252 629 472 681 alicuius
499 627 934 694 interpellatione
969 630 1060 677 aut
1086 627 1375 694 adrisione3
1410 627 1479 692 [si
1502 627 1928 695 promiserimus]

252 703 407 753 aliter
448 719 507 752 ac
546 700 725 768 parati
764 699 1035 767 fuerimuS,
1081 718 1181 751 nos
1223 718 1337 751 esse
1379 699 1636 767 dicturos3
1684 719 1782 753 nos
1821 718 1932 753 non

252 775 436 826 eodem
476 773 656 840 mod0,
705 776 765 823 ut
812 773 974 824 ceteri
1022 773 1254 838 soleant,
1293 773 1458 824 verba
1495 772 1756 841 facturos3
1804 773 1930 842 quid

251 848 343 898 alii
383 847 614 913 soleant,
664 846 789 913 quid
827 864 925 897 nos
965 847 1161 898 facturi
1201 846 1391 909 simUS,
1431 846 1666 898 breviter
1706 864 1929 915 expone·

251 938 385 971 mus,
444 919 593 970 Inter
633 919 1051 971 insinuationem
1092 924 1145 970 et
1184 919 1508 987 principium
1546 919 1648 972 hoc
1687 919 1927 972 interest.

251 993 580 1061 Principium
621 992 882 1044 eiusmodi
922 992 1080 1043 debet
1121 1011 1258 1059 esse,
1306 996 1365 1044 ut
1407 992 1594 1044 statim
1635 999 1813 1061 aperte
1853 992 1928 1044 eis

248 1066 572 1132 rationibUS,
623 1066 814 1133 quibus
863 1066 1294 1133 perscripsimus,
1343 1069 1435 1117 aut
1482 1065 1791 1118 benivolum
1837 1069 1930 1118 aut

250 1143 519 1191 attentum
546 1143 637 1190 aut
663 1138 888 1190 docilem
912 1138 1173 1190 faciamus
1201 1139 1520 1191 auditorem:
1555 1142 1611 1190 at
1635 1139 1928 1191 insinuatio

247 1212 555 1264 huiusmodi
595 1211 752 1263 debet
793 1230 928 1279 esse,
968 1216 1029 1263 ut
1070 1213 1273 1264 occulte
1312 1230 1408 1281 per
1447 1212 1931 1264 dissimulationem

250 1286 435 1337 eadem
473 1286 570 1337 illa
610 1285 790 1337 omnia
830 1286 1194 1352 conficiamus,
1235 1290 1295 1337 ut
1336 1285 1402 1337 ad
1443 1286 1664 1337 eandem
1696 1303 1926 1337 commo-

250 1360 474 1411 ditatem
514 1360 570 1410 in
612 1358 818 1410 dicendi
851 1377 1009 1426 opere
1041 1359 1221 1410 venire
1253 1358 1538 1427 possimus.
1593 1358 1798 1409 Verum
1827 1358 1928 1410 hae

249 1436 358 1483 tres
400 1432 666 1483 utilitates
723 1432 945 1483 tametsi
999 1432 1054 1482 in
1108 1435 1226 1483 tota
1266 1432 1507 1483 oratione
1557 1434 1682 1483 sunt
1720 1449 1930 1500 compa-

247 1505 468 1571 randae,
524 1505 624 1556 hoc
681 1509 782 1571 est,
844 1507 904 1556 ut
960 1504 1227 1556 auditores
1285 1523 1398 1556 sese
1452 1508 1710 1573 perpetuo
1772 1504 1929 1556 nobis

250 1582 510 1645 attentos,
552 1578 773 1643 docileS,
823 1578 1101 1629 benivolos
1149 1578 1463 1644 praebeant,
1511 1581 1696 1629 tamen
1742 1577 1798 1628 id
1835 1595 1931 1646 per

250 1651 525 1703 exordium
580 1669 771 1702 causae
826 1651 1057 1702 maxime
1113 1651 1531 1719 comparandum
1586 1654 1683 1702 est.
1757 1649 1929 1716 Nunc,

246 1743 312 1776 ne
354 1725 563 1792 quando
605 1724 799 1775 vitioso
841 1724 1056 1775 exordio
1096 1727 1334 1791 utamur,
1369 1743 1503 1792 quae
1543 1724 1678 1775 vitia
1708 1723 1930 1776 vitanda

249 1798 377 1860 sint,
435 1797 757 1849 docebimus
835 1797 1198 1862 [Exordienda
1253 1815 1414 1850 causa
1463 1796 1783 1849 servandum
1831 1800 1930 1864 est,

247 1875 307 1922 ut
346 1870 479 1922 lenis
523 1870 593 1921 sit
645 1888 843 1938 sermo,
899 1874 959 1921 ut
1006 1871 1206 1922 usitata
1251 1871 1540 1922 verborum
1587 1869 1929 1938 consuetudO,

246 1949 308 1995 ut
344 1962 453 1995 non
493 1947 755 2011 apparata
795 1943 968 1995 oratio
1018 1944 1262 1995 videatur
1302 1945 1456 2009 esse]
1535 1942 1808 1995 Vitiosum
1848 1960 1930 1994 ex-

251 2017 461 2068 ordium
489 2021 584 2082 est,
615 2017 756 2083 quod
788 2017 844 2067 in
876 2017 1055 2085 plures
1091 2035 1277 2068 causas
1310 2020 1490 2085 potest
1516 2015 1928 2082 adcommodari,

250 2090 390 2157 quod
429 2090 653 2157 vulgare
695 2089 900 2141 dicitur.
977 2089 1114 2141 Item
1154 2090 1409 2141 vitiosum
1450 2093 1555 2157 est,
1606 2108 1709 2157 quo
1756 2089 1927 2140 nihilo

250 2163 426 2214 minus
455 2162 791 2213 adversarius
817 2166 998 2230 potest
1023 2163 1117 2228 uti,
1137 2163 1275 2231 quod
1302 2181 1583 2215 commune
1610 2162 1928 2231 appellatur.

250 2235 411 2301 [Item
443 2235 599 2301 illud,
633 2235 775 2302 quod
807 2235 1144 2287 adversarius
1179 2254 1240 2287 ex
1274 2236 1544 2288 contrario
1577 2235 1778 2304 poterit
1810 2235 1926 2300 uti.]

249 2309 385 2360 Item
418 2309 675 2360 vitiosum
708 2311 804 2371 est,
838 2309 980 2375 quod
1011 2309 1232 2360 nimium
1269 2310 1546 2378 apparatis
1579 2308 1758 2360 verbis
1791 2326 1929 2360 com-

249 2382 487 2450 positum
527 2385 608 2433 est
649 2385 741 2432 aut
772 2381 1005 2433 -nimium
1045 2383 1269 2451 longum
1309 2385 1411 2449 est,
1453 2385 1506 2434 et
1546 2381 1687 2449 quod
1724 2399 1834 2433 non
1866 2399 1929 2432 ex

251 2456 369 2522 ipsa
409 2473 570 2506 causa
616 2458 804 2505 natum
852 2455 1083 2520 videtur,
1131 2460 1191 2506 ut
1229 2456 1444 2523 proprie
1484 2454 1770 2507 cohaereat
1809 2472 1929 2506 cum

250 2528 580 2594 narratione,
630 2531 682 2578 et
730 2528 870 2595 quod
916 2546 1087 2596 neque
1134 2529 1440 2580 benivolum
1486 2545 1657 2595 neque
1704 2527 1930 2580 docilem

195 2601 225 2652 8
252 2618 420 2667 neque
462 2604 729 2652 attentum
769 2601 897 2652 facit
938 2602 1246 2653 auditorem.
1298 2600 1380 2652 De
1412 2601 1625 2652 exordio
1661 2600 1794 2651 satis
1828 2599 1930 2651 erit

164 2690 218 2728 12
254 2673 475 2724 dictum:
517 2673 762 2742 deinceps
805 2674 870 2725 ad
909 2674 1273 2726 narrationem
1311 2678 1664 2725 transeamus,
1732 2672 1930 2724 Narra-

252 2745 459 2797 tionum
498 2746 605 2797 tria
645 2765 841 2816 genera
882 2751 1019 2799 sunt.
1090 2746 1271 2798 Unum
1311 2751 1414 2813 est,
1455 2765 1575 2798 cum
1615 2745 1927 2813 exponimus

252 2836 363 2869 rem
405 2825 612 2888 gestam
654 2824 706 2871 et
744 2839 908 2871 unum
951 2820 1182 2888 quidque
1221 2819 1486 2870 trahimus
1528 2819 1595 2870 ad
1634 2819 1929 2870 utilitatem

247 2894 490 2944 nostram
529 2893 771 2944 vincendi
811 2911 993 2960 causa,
1034 2893 1175 2961 quod
1213 2893 1448 2961 pertinet
1489 2891 1555 2943 ad
1596 2909 1684 2943 eas
1725 2909 1930 2958 causaS,

1957 935 1998 967 10

1954 1300 1994 1332 15

1954 1665 1996 1697 20

1954 2029 1995 2062 25

1953 2395 1996 2427 3⁰

1952 2758 1995 2791 35
