2080 3204
514 53 695 98 LIBER
727 53 820 98 ΙΙΙ..
877 53 1002 98 ΟΑΡ.
1040 59 1225 113 12-13.
1275 59 1299 108 ἓ
1332 60 1521 100 21—24.
1791 56 1862 108 55

153 179 235 237 „et
274 173 565 228 exsuscitat
604 173 854 226 clamore.
930 173 1108 226 Acuta
1156 174 1475 226 exclamatio
1522 193 1708 227 vocem
1748 176 1863 228 vul—

177 251 360 316 nerat3
408 246 592 299 eadem
641 247 809 299 laedit
851 247 1169 300 auditorem:
1219 247 1386 299 habet
1426 247 1570 299 enim
1609 248 1861 316 quiddam

177 320 459 374 inliberale
493 319 636 386 etad
663 321 979 373 muliebrem
1013 322 1194 390 potius
1227 320 1667 373 vociferationem
1701 339 1862 389 quam

179 394 246 447 ad
286 393 496 446 virilem
538 393 860 462 dignitatem
901 394 1218 458 indicendo
1254 394 1738 446 adcommodatum.
1800 394 1862 446 In

134 483 155 515 5
181 466 418 520 extrema
444 467 688 518 oratione
713 468 994 520 continens
1019 486 1123 521 vox
1147 468 1382 520 remedio
1410 471 1491 520 est
1516 468 1648 520 voci.
1689 466 1863 528 Quid?

178 540 536 597 haeceadem
581 558 759 593 nonne
811 541 1051 593 animum
1096 541 1571 593 vehementissime
1620 541 1865 593 calefacit

179 613 440 667 auditoris
480 613 538 665 in
575 613 746 666 totius
780 615 1124 667 conclusione
1166 614 1393 667 causae?
1451 614 1741 680 [Quoniam
1780 633 1864 666 res

178 687 347 756 igitur
387 687 602 739 eaedem
645 687 793 741 vocis
819 688 1139 740 firmitudini
1173 692 1225 740 et
1258 688 1714 757 pronuntiationis
1747 706 1866 740 sua·

176 761 407 813 vitudini
454 763 703 828 prosunt,
756 762 818 813 de
873 765 1106 829 utraque
1150 780 1208 813 re
1258 762 1426 834 simul
1464 763 1565 814 erit
1611 762 1667 814 in
1716 780 1867 831 prae·
1935 770 1940 774 “

113 851 154 882 10
180 834 355 887 sentia
395 834 613 902 dictum,
653 835 716 886 de
756 835 1104 903 firmitudine,
1146 853 1280 903 quae
1319 836 1438 887 visa
1471 838 1610 902 sunt,
1651 836 1714 887 de
1749 854 1874 888 sua--

127 955 132 959 .
178 908 434 976 vitudine,
468 926 603 976 quae
630 909 915 961 coniuncta
946 909 1186 961 fuerunt:
1221 912 1397 961 cetera
1423 927 1517 961 suo
1552 909 1670 961 loco
1703 909 1865 978 paulo

178 986 305 1050 post
329 981 605 1048 dicemus]
662 982 945 1035 Mollitudo
975 983 1186 1052 [igitur]
1215 983 1377 1049 vociS,
1410 982 1665 1050 quoniam
1692 983 1866 1035 omnis

181 1056 246 1107 ad
285 1054 519 1107 rhetoris
559 1057 993 1125 praeceptionem
1041 1057 1302 1125 pertinet,
1351 1056 1662 1126 diligentius
1710 1056 1866 1108 nobis

179 1129 568 1181 consideranda
608 1134 703 1181 est.
780 1129 918 1181 Eam
961 1130 1247 1182 dividimus
1287 1130 1344 1180 in
1385 1148 1708 1197 sermonem,
1750 1136 1867 1182 con-

114 1217 154 1250 15
179 1202 492 1270 tentionem,
534 1203 1023 1271 amplificationem.
1102 1201 1288 1255 Sermo
1324 1207 1405 1254 est
1437 1204 1608 1255 oratio
1642 1204 1869 1255 remissa

180 1279 234 1328 et
279 1276 513 1328 finitima
561 1277 862 1329 cotidianae
910 1277 1193 1343 locutioni,
1245 1277 1516 1328 contentio
1566 1280 1648 1329 est
1697 1277 1867 1329 oratio

180 1349 316 1402 acris
359 1353 412 1402 et
453 1350 519 1402 ad
560 1351 982 1402 confirmandum
1028 1354 1081 1402 et
1122 1350 1189 1402 ad
1228 1349 1615 1402 confutandum
1656 1351 1869 1403 adcom-

178 1423 420 1492 modata,
454 1424 806 1493 amplificatio
833 1428 915 1477 est
948 1424 1137 1489 oratio,
1171 1442 1307 1492 quae
1334 1427 1426 1476 aut
1459 1424 1514 1475 in
1538 1424 1869 1477 iracundiam

179 1497 385 1550 inducit
426 1501 519 1549 aut
551 1499 617 1549 ad
650 1498 1075 1551 misericordiam
1108 1498 1281 1549 trahit
1322 1498 1581 1550 auditoris
1616 1499 1868 1550 animum.

113 1586 155 1618 20
181 1569 367 1624 Sermo
418 1571 672 1624 dividitur
718 1572 774 1623 in
820 1575 1003 1640 partes
1053 1574 1332 1640 quattuor:
1389 1571 1733 1641 dignitatem,
1782 1572 1870 1623 de-

181 1645 648 1712 monstrationem,
679 1646 1062 1713 narrationem,
1095 1645 1435 1697 iocationem.
1498 1644 1752 1714 Dignitas
1787 1648 1869 1697 est

182 1718 356 1771 oratio
398 1736 518 1771 cum
552 1718 736 1787 aliqua
769 1719 1036 1786 gravitate
1080 1720 1157 1784 [et
1195 1718 1341 1770 vocis
1383 1718 1746 1786 remissione];
1787 1718 1871 1770 de-

182 1793 507 1844 monstratio
542 1795 624 1844 est
659 1792 850 1860 orati0,
893 1810 1026 1860 quae
1062 1791 1217 1844 docet
1249 1791 1497 1858 [remissa
1530 1793 1698 1858 voce],
1740 1811 1871 1860 quo-

181 1866 340 1918 modo
391 1866 515 1934 quid
564 1866 681 1918 fieri
728 1866 968 1934 potuerit
1017 1869 1109 1917 aut
1156 1883 1266 1917 non
1311 1865 1572 1934 potuerit3
1628 1865 1869 1918 narratio

115 1954 157 1987 25
183 1943 266 1991 est
296 1957 475 1994 rerum
501 1943 776 2009 gestarum
803 1943 896 1991 aut
928 1939 1151 2008 proinde
1183 1942 1245 1990 ut
1279 1941 1557 2008 gestarum
1581 1939 1870 2007 expositi03

182 2013 380 2066 iocatio
423 2017 504 2064 est
544 2013 735 2081 orati0,
778 2031 912 2082 quae
953 2031 1017 2065 ex
1060 2012 1243 2081 aliqua
1282 2030 1339 2064 re
1379 2012 1547 2064 risum
1579 2012 1871 2081 pudentem

184 2091 238 2139 et
270 2087 548 2138 liberalem
581 2084 764 2155 potest
797 2104 1123 2155 comparare.
1201 2084 1491 2138 Contentio
1527 2085 1784 2138 dividitur
1815 2086 1871 2137 in

185 2160 646 2213 continuationem
680 2164 733 2213 et
768 2161 867 2227 [in]
897 2160 1350 2212 distributionem.
1414 2158 1763 2212 Continuatio
1790 2163 1872 2211 est

186 2234 446 2286 orationis
496 2234 902 2300 [enuntiandae]
954 2233 1275 2286 adceleratio
1326 2233 1634 2302 [clamosa];
1691 2233 1869 2284 distri-

118 2321 160 2354 30
185 2307 338 2360 butio
366 2311 448 2360 est
467 2308 544 2373 [in
562 2309 924 2374 contentione]
946 2308 1120 2361 oratio
1138 2349 1270 2359 .....
1288 2306 1541 2375 frequens
1562 2309 1705 2373 [cum
1730 2306 1867 2358 raris

186 2385 239 2433 et
261 2381 536 2446 brevibus]
563 2381 863 2434 intervallis
886 2382 1019 2448 [acri
1035 2380 1458 2445 vociferatione]
1499 2380 1867 2449 Amplificatio

186 2454 445 2506 dividitur
485 2455 541 2506 in
581 2455 1010 2509 cohortationem
1052 2458 1106 2507 et
1146 2453 1599 2522 conquestionem.
1671 2452 1871 2507 Cohor-

1890 955 1955 1005 13

1902 1031 1955 1056 OQ

1904 1056 1956 1068 hu

1902 2397 1959 2437 24

184 2528 322 2580 tatio
371 2532 453 2580 est
500 2529 697 2595 oratio,
754 2547 888 2597 quae
941 2528 1158 2597 aliquod
1205 2530 1484 2596 peccatum
1532 2527 1868 2597 amplificans
1916 2538 1919 2540 ’

187 2601 486 2654 auditorem
511 2602 578 2653 ad
600 2602 932 2655 iracundiam
966 2602 1202 2668 adducit3
1235 2600 1548 2669 conquestio
1575 2606 1654 2654 est
1681 2602 1871 2667 oratio,

119 2689 161 2722 35
188 2693 321 2745 quae
361 2675 817 2728 incommodorum
861 2675 1279 2744 amplificatione
1329 2675 1566 2726 animum
1608 2674 1868 2727 auditoris

187 2749 254 2801 ad
293 2749 714 2801 misericordiam
748 2750 1006 2818 perducit.
1077 2749 1342 2811 Quoniam
1375 2748 1545 2818 igitur
1585 2748 1868 2801 mollitudo

162 2823 331 2876 ,vocis
373 2823 429 2874 in
468 2826 578 2874 tres
620 2826 800 2892 partes
842 2823 1011 2876 divisa
1053 2826 1156 2890 est,
1198 2840 1290 2875 eae
1330 2825 1513 2892 partes
1553 2823 1702 2892 ipsae
1744 2824 1868 2874 sunt
