2075 3235
208 147 265 186 43
561 138 737 182 LIBER
767 139 798 183 Ι.
863 137 986 183 CAP.
1020 143 1207 182 41—42.
1269 143 1294 192 ἓ
1327 143 1511 183 74-79.
1769 139 1872 191 159

202 265 318 313 tum
356 260 451 311 illo
494 276 685 329 genere
726 258 1109 341 complexionis
1149 257 1243 309 uti.
1312 256 1371 308 Id
1402 260 1464 308 ut
1504 258 1872 325 perspiciatur,

203 334 497 386 scribamus
539 373 549 384 .
582 374 594 386 .
629 374 638 384 .
673 372 684 385 .
724 333 780 384 in
820 332 1060 401 quolibet
1093 330 1333 399 exemplo
1374 330 1436 382 de
1469 330 1550 398 iis,
1592 349 1725 400 quae
1756 350 1873 398 pro-

200 407 378 475 posita
427 409 572 468 sunt,
622 405 744 470 [hoc
791 406 931 457 idem
978 421 1336 471 exerceamuS,
1383 405 1465 469 ut]
1519 422 1678 472 quam
1716 404 1873 456 facile

200 480 346 532 factu
386 478 458 529 sit
496 478 791 545 periclitari
831 479 970 531 licet.

156 567 176 599 5
344 552 423 604 Ac
486 551 548 603 de
610 552 852 620 partibus
917 551 1127 619 quidem
1191 550 1674 619 argumentationis
1739 551 1870 602 satis
1906 568 1958 607 77

198 625 353 678 nobis
406 624 606 677 dictum
646 625 868 677 videtur.
945 624 1086 675 Illud
1128 627 1306 676 autem
1344 624 1590 676 volumus
1630 623 1873 692 intellegi

198 716 296 750 nos
329 698 494 766 probe
526 702 704 750 tenere
739 698 857 750 aliis
890 715 1097 766 quoque
1130 697 1431 749 rationibus
1465 698 1686 749 tractari
1720 714 1873 766 argu-

199 772 557 824 mentationes
589 772 645 823 in
675 770 1019 840 philosophia
1052 770 1236 821 multis
1279 774 1331 821 et
1372 771 1626 838 obscuris,
1667 770 1729 822 de
1763 771 1873 838 qui-

199 846 300 897 bus
356 849 557 898 certum
616 850 698 896 est
748 844 1032 896 artificium
1080 844 1445 896 constitutum.
1528 842 1731 895 Verum
1776 844 1874 895 illa

135 931 177 963 10
200 918 356 970 nobis
397 919 683 970 abhorrere
719 918 786 969 ab
819 936 918 969 usu
951 917 1180 969 oratoris
1220 916 1336 968 visa
1375 919 1512 969 sunt.
1576 915 1720 977 Quae
1760 934 1873 984 per-

200 992 370 1044 tinere
418 995 596 1043 autem
644 990 710 1043 ad
757 990 1033 1043 dicendum
1080 993 1353 1058 putamuS‚
1403 1008 1465 1042 ea
1508 1007 1607 1042 nos
1641 1008 1873 1042 commo-

201 1065 317 1117 dius
375 1083 533 1134 quam
589 1067 793 1117 ceteros
842 1063 1134 1116 attendisse
1179 1082 1288 1115 non
1336 1063 1699 1132 adfirmamus3
1758 1081 1874 1131 per-

202 1138 450 1206 quisitius
483 1142 536 1190 et
569 1137 878 1206 diligentius
913 1137 1291 1205 conscripsisse
1321 1137 1650 1204 pollicemur.
1705 1136 1874 1204 Nunc,

199 1215 260 1262 ut
308 1211 616 1279 statuimus,
669 1211 933 1280 proficisci
979 1211 1162 1263 ordine
1211 1210 1277 1263 acl
1322 1210 1528 1279 reliqua
1573 1227 1872 1280 pergemus.

134 1296 176 1329 15
347 1284 709 1352 Reprehensio
751 1288 847 1352 est,
893 1303 987 1351 per
1026 1302 1185 1352 quam
1227 1284 1649 1353 argumentando
1691 1284 1871 1335 adver-

202 1359 465 1410 sariorum
506 1357 839 1410 confirmatio
874 1357 1094 1409 diluitur
1128 1358 1243 1422 [aut
1274 1357 1597 1422 infirmatur]
1641 1360 1733 1408 aut
1773 1357 1863 1409 ele·

200 1436 370 1484 vatur.
460 1429 606 1482 Haec
664 1429 811 1482 fonte
872 1430 1195 1482 inventionis
1252 1430 1436 1482 eodem
1497 1434 1708 1498 utetur,
1770 1448 1872 1499 quo

199 1505 371 1556 utitur
417 1504 775 1572 confirmatio,
827 1507 1112 1572 propterea
1160 1503 1321 1572 quod,
1375 1503 1565 1572 quibus
1626 1522 1689 1555 ex
1742 1504 1874 1556 locis

201 1579 381 1646 aliqua
425 1595 510 1629 res
558 1578 861 1630 confirmari
914 1581 1116 1646 potest,
1165 1577 1335 1629 isdem
1388 1580 1567 1646 potest
1623 1595 1686 1629 ex
1743 1577 1873 1629 locis

136 1664 176 1696 20
201 1652 479 1704 infirmari.
554 1649 707 1702 Nihil
755 1651 896 1702 enim
947 1650 1389 1703 considerandum
1429 1654 1510 1702 est
1548 1651 1604 1702 111
1642 1650 1726 1702 his
1768 1669 1874 1703 om-

201 1725 357 1777 nibus
407 1724 849 1790 [inventionibus]
897 1724 1003 1775 nisi
1048 1725 1124 1792 id,
1171 1724 1310 1792 quod
1355 1724 1596 1792 personis
1647 1727 1739 1776 aut
1787 1742 1873 1775 ne-

204 1799 367 1869 gotiis
416 1798 737 1849 attributum
786 1801 879 1849 est.
959 1796 1133 1858 Quare
1184 1798 1548 1850 inventionem
1597 1800 1650 1849 et
1699 1799 1873 1866 [argu-

202 1872 614 1936 mentationum]
664 1871 1044 1940 expolitionem
1093 1890 1154 1923 ex
1202 1871 1336 1939 illis,
1386 1889 1519 1939 quae
1561 1874 1684 1922 ante
1723 1889 1873 1939 prae-

204 1949 358 2013 cepta
404 1948 550 2012 sunt,
596 1945 733 1997 hanc
781 1963 988 2013 quoque
1034 1945 1091 1996 in
1135 1948 1346 2014 partem
1394 1944 1653 1996 orationis
1701 1947 1873 1996 trans-

138 2031 180 2063 25
203 2019 331 2071 ferri
371 2018 654 2087 oportebit.
731 2017 1132 2085 Verumtamen,
1172 2021 1232 2070 ut
1271 2018 1530 2086 quaedam
1568 2019 1873 2086 praeceptio

206 2093 359 2144 detur
389 2093 546 2144 huius
579 2109 787 2161 quoque
812 2093 998 2160 partis,
1031 2110 1354 2161 exponemus
1385 2091 1572 2143 modos
1597 2091 1876 2160 reprelien-

207 2165 394 2232 sionis3
435 2183 566 2234 quos
601 2166 690 2234 qui
730 2165 1105 2233 observabunt,
1143 2165 1355 2217 facilius
1396 2184 1472 2233 ea,
1516 2183 1650 2233 quae
1690 2168 1875 2218 contra

207 2239 460 2306 dicentur,
501 2238 699 2290 diluere
740 2242 832 2290 aut
869 2239 1140 2291 infirmare
1180 2242 1448 2308 poterunt.

353 2311 540 2364 Omnis
581 2313 976 2382 argumentatio
1016 2312 1438 2382 reprehenditur,
1478 2313 1523 2363 si
1563 2314 1656 2364 aut
1695 2329 1757 2364 ex
1792 2311 1873 2375 113,
1908 2329 1961 2368 79

141 2399 183 2431 30
207 2403 340 2456 quae
382 2388 597 2454 sumpta
635 2389 780 2453 sunt,
825 2404 932 2438 non
972 2386 1278 2439 conceditur
1317 2385 1520 2453 aliquid
1558 2404 1721 2437 unum
1761 2385 1875 2454 plu-

206 2477 332 2511 rave
372 2463 466 2511 aut
503 2459 587 2510 his
629 2460 893 2512 concessis
940 2460 1235 2529 complexio
1285 2461 1372 2525 [ex
1409 2459 1517 2524 his]
1560 2458 1748 2511 confici
1786 2476 1876 2510 ne-

209 2537 389 2603 gatur,
437 2535 529 2584 aut
575 2532 619 2583 si
667 2549 833 2600 genus
883 2534 1059 2601 ipsum
1101 2532 1580 2602 argumentationis
1621 2532 1874 2584 vitiosum

209 2605 536 2671 ostenditur,
556 2608 649 2656 aut
681 2605 725 2656 si
757 2609 944 2658 contra
970 2608 1179 2658 firmam
1212 2606 1734 2675 argumentationem
1767 2606 1876 2657 alia

209 2697 372 2748 aeque
418 2679 573 2730 firma
620 2682 712 2730 aut
762 2679 966 2732 firmior
1012 2681 1241 2748 ponitur.
1324 2679 1406 2731 Ex
1459 2680 1548 2742 iis,
1604 2697 1738 2748 quae
1793 2697 1875 2730 su-

140 2766 183 2799 35
208 2756 439 2819 muntur,
479 2752 677 2820 aliquid
708 2770 815 2804 non
848 2754 1165 2820 conceditur,
1205 2772 1324 2805 cum
1361 2755 1453 2805 aut
1484 2752 1551 2819 id,
1592 2752 1733 2821 quod
1766 2770 1872 2804 cre-

209 2826 371 2878 dibile
412 2825 613 2891 dicunt‚
651 2829 879 2894 negatur
919 2844 1034 2879 esse
1075 2826 1354 2894 eiusmodi,
1404 2829 1517 2893 aut,
1559 2826 1697 2894 quod
1738 2843 1873 2878 com-

206 2899 447 2968 parabile
495 2902 707 2968 putant,
763 2899 1022 2952 dissimile
1070 2899 1390 2969 ostenditur,
1445 2903 1536 2952 aut
1583 2899 1871 2951 iudicatum

1890 1254 1960 1305 42

1907 1329 1960 1368 78
