2075 3235
184 125 292 176 222
772 122 850 166 DE
886 121 1270 166 INVENTIONE
1349 106 1355 110 '
1768 126 1853 166 106

187 244 335 314 genti
375 244 640 312 scriptura
678 242 1027 311 praeteritum
1069 240 1335 292 arbitrari.
1404 240 1629 293 Tertius·
1658 244 1740 293 est
1777 242 1851 293 lo-

186 336 277 370 cus
319 317 379 385 ei,
421 317 508 385 qui
548 334 644 384 pro
687 315 886 382 scripto
924 315 1077 381 dicet,
1116 313 1345 365 maxime
1375 314 1720 382 necessarius,
1759 332 1854 382 per

186 409 340 459 quem
397 392 610 458 oportet
661 387 930 454 ostendat,
986 387 1031 437 si
1079 386 1360 438 conveniat
1406 404 1621 438 causam
1668 390 1856 439 contra

187 464 447 531 scriptum
480 461 662 528 accipi,
703 478 819 511 eam
851 462 1032 511 tamen
1072 459 1290 510 minime
1322 463 1582 527 oportere,
1621 478 1754 528 quae
1787 460 1854 512 ab

102 536 506 594 136adversariis
554 533 838 584 adferatur.
915 531 1017 592 Qui
1064 532 1211 584 locus
1251 532 1446 584 idcirco
1487 535 1569 584 est
1606 533 1729 585 huic
1766 551 1855 584 ne-

188 610 468 674 cessariUS,
516 606 656 674 quod
697 623 904 673 semper
943 605 1010 672 is,
1050 605 1140 673 qui
1180 608 1368 657 contra
1408 605 1666 680 scriptum
1706 606 1858 672 dicet,

190 682 475 749 aequitatis
525 678 726 746 aliquid
774 678 980 730 adferat
1028 682 1254 746 oportet.
1328 677 1468 730 Nam
1516 696 1726 730 summa
1762 678 1858 730 im-

189 754 443 823 pudentia
484 753 556 803 sit
595 770 737 818 eum,
787 752 876 819 qui
916 755 1098 803 contra
1137 770 1296 819 quam
1337 751 1591 820 scriptum
1632 752 1724 819 sit,
1765 751 1858 803 ali-

189 828 314 896 quid
354 826 580 895 probare
619 825 765 891 velit,
818 843 926 876 non
966 824 1250 893 aequitatis
1289 825 1554 892 praesidio
1593 825 1647 876 id
1684 824 1859 877 facere

190 901 382 953 conari.
469 897 524 950 Si
582 898 707 966 quid
749 898 917 967 igitur
972 916 1035 949 ex
1088 897 1188 949 hac
1235 898 1353 965 ipsa
1409 898 1730 966 [quippiam]
1779 916 1858 950 ac-

190 977 404 1026 cusator
428 972 667 1040 derogat,
691 971 937 1022 omnibus
962 972 1207 1038 partibus
1232 971 1424 1022 iustius
1450 975 1503 1023 et
1526 970 1861 1039 probabilius

191 1064 437 1099 accusare
472 1045 727 1096 videatur.
790 1043 931 1095 Nam
965 1044 1206 1112 superior
1240 1044 1410 1096 oratio
1443 1044 1545 1096 hoc
1579 1045 1752 1096 omnis
1782 1043 1860 1096 fa-

191 1120 381 1187 ciebat,
420 1124 496 1185 ut,
534 1118 732 1169 iudices
774 1117 985 1169 etiamsi
1016 1118 1238 1184 nollent,
1276 1135 1490 1169 necesse
1530 1120 1691 1184 esset3
1729 1117 1862 1169 haec

192 1197 392 1260 autem,
439 1191 651 1243 etiamsi
696 1208 910 1243 necesse
955 1208 1063 1242 non
1111 1193 1272 1256 esset,
1319 1193 1380 1242 ut
1425 1191 1628 1243 vellent
1675 1193 1862 1243 contra

106 1267 437 1324 137iudicare.
513 1264 575 1316 Id
615 1267 793 1316 autem
833 1264 940 1330 fiet,
981 1264 1040 1329 si,
1082 1264 1273 1331 quibus
1314 1282 1375 1315 ex
1415 1264 1546 1316 locis
1586 1264 1741 1332 culpa
1780 1263 1862 1316 de—

192 1338 582 1392 monstrabitur
621 1355 736 1389 esse
774 1338 830 1388 in
870 1355 946 1403 eo,
994 1337 1084 1405 qui
1123 1337 1521 1405 comparatione
1561 1340 1654 1389 aut
1691 1355 1861 1390 remo-

192 1414 340 1465 tione
381 1415 473 1463 aut
511 1411 771 1462 relatione
812 1411 1048 1462 criminis
1090 1413 1183 1461 aut
1222 1411 1577 1462 concessionis
1616 1410 1862 1478 partibus

194 1505 249 1538 se
283 1485 543 1552 defendet,
580 1514 639 1521 —
678 1484 740 1535 de
775 1484 964 1551 quibus
999 1487 1137 1550 ante,
1168 1486 1228 1534 ut
1259 1484 1547 1551 potuimUS,
1579 1483 1864 1553 diligenter

192 1558 600 1627 perscripsimus
639 1587 726 1624 —,
766 1575 828 1607 ex
866 1557 932 1608 iis
965 1557 1110 1622 lociS,
1151 1574 1285 1623 quae
1325 1574 1409 1609 res
1447 1557 1758 1625 postulabit,
1798 1557 1865 1608 ad

195 1650 409 1685 causam
489 1630 915 1682 adversariorum
987 1629 1396 1697 improbandam
1464 1630 1864 1694 transferemUS‚

196 1709 287 1757 aut
328 1722 516 1756 causae
559 1706 610 1754 et
648 1704 885 1755 rationes
927 1702 1251 1769 adferentur,
1304 1721 1466 1770 quare
1507 1706 1560 1754 et
1599 1720 1703 1771 quo
1743 1720 1863 1756 con-

197 1779 314 1830 silio
361 1778 439 1828 ita
486 1777 557 1828 sit
602 1776 658 1827 in
704 1777 824 1845 lege
872 1779 964 1827 aut
1013 1775 1067 1826 in
1116 1779 1438 1827 testamento
1480 1776 1759 1845 scriptum,
1804 1779 1866 1828 ut

197 1851 463 1903 sententia
503 1867 711 1918 quoque
752 1853 806 1900 et
844 1849 1123 1902 voluntate
1164 1849 1455 1917 scriptoriS,
1493 1868 1601 1902 non
1634 1850 1754 1918 ipsa
1785 1867 1865 1902 so-

194 1926 308 1977 lum
355 1924 622 1992 scriptura
668 1941 828 1975 causa
875 1923 1191 1975 confirmata
1243 1941 1356 1974 esse
1402 1923 1645 1974 videatur
1692 1925 1726 1990 [,
1773 1926 1866 1975 aut

197 1998 315 2050 aliis
356 2015 563 2065 quoque
604 1996 1074 2048 constitutionibus
1112 1995 1315 2048 factum
1357 1998 1713 2066 coarguetur}

345 2069 546 2122 Contra
587 2070 844 2138 scriptum
894 2072 1072 2121 autem
1113 2070 1203 2137 qui
1243 2069 1401 2136 dicet,
1447 2070 1680 2138 primum
1718 2069 1865 2122 indu-

199 2147 282 2197 cet
322 2162 442 2196 eum
481 2144 674 2210 locum,
714 2161 808 2211 per
849 2161 1005 2210 quem
1046 2143 1287 2210 aequitas
1320 2161 1509 2195 causae
1541 2144 1865 2195 demonstre-

198 2222 308 2284 tur3
356 2220 447 2269 aut
494 2217 759 2283 ostendet,
807 2234 910 2283 quo
959 2215 1159 2283 animO,
1211 2234 1312 2284 quo
1361 2216 1607 2284 consilio,
1654 2235 1758 2285 qua
1805 2216 1867 2268 de

199 2309 359 2344 causa
402 2290 611 2356 fecerit,
658 2292 732 2355 et,
780 2307 1164 2357 quamcumque
1205 2307 1420 2341 causam
1459 2289 1724 2357 adsumet,
1778 2289 1868 2342 ad-

201 2364 519 2432 sumptionis
543 2363 788 2431 partibus
823 2381 877 2414 se
910 2362 1168 2429 defendet,
1201 2362 1263 2414 de
1289 2363 1479 2431 quibus
1513 2365 1636 2414 ante
1668 2363 1868 2415 dictum

202 2441 297 2489 est.
374 2437 551 2505 Atque
596 2436 652 2487 in
690 2436 790 2488 hoc
829 2437 946 2488 1000
987 2454 1105 2487 cum
1146 2435 1344 2488 diutius
1385 2439 1744 2488 commoratus
1785 2436 1869 2488 sui

199 2510 329 2562 facti
368 2511 634 2562 rationem
674 2512 727 2561 et
767 2510 1095 2577 aequitatem
1135 2527 1324 2561 causae
1364 2510 1710 2577 exornaverit,
1751 2512 1868 2561 tum

203 2602 265 2635 ex
318 2583 402 2634 his
457 2583 589 2635 locis
643 2582 754 2634 fere
809 2585 995 2635 contra
1041 2582 1374 2634 adversarios
1430 2582 1568 2635 dicet
1623 2586 1868 2651 oportere

203 2674 390 2708 causas
431 2656 612 2724 accipi.
672 2656 1080 2708 Demonstrabit
1117 2657 1319 2707 nullam
1352 2674 1465 2708 esse
1505 2657 1694 2725 legem,
1734 2673 1868 2724 quae

108 2045 174 2095 47

112 2119 192 2158 138

1902 546 1922 577 5

1885 911 1926 943 10

1889 1277 1929 1309 15

1888 1644 1930 1676 20

1889 2011 1932 2043 25

1892 2377 1936 2410 30

205 2729 440 2796 aliquam
487 2747 599 2780 rem
646 2729 892 2781 inutilem
933 2732 1024 2780 aut
1061 2729 1300 2796 iniquam
1338 2729 1453 2780 fieri
1492 2730 1641 2796 velit,
1689 2729 1869 2781 omnia
1891 2741 1935 2774 35

206 2802 488 2871 supplicia,
537 2820 670 2870 quae
717 2803 784 2854 ab
838 2802 1049 2871 legibus
1096 2802 1521 2870 proficiscantur,
1579 2803 1763 2871 culpae
1810 2821 1870 2854 30

121 2876 442 2931 139malitiae
474 2875 820 2927 vindicandae
853 2894 1011 2928 causa
1051 2876 1341 2928 constituta
1380 2894 1514 2944 esse3
1556 2875 1869 2944 scriptorem
