2075 3235
230 122 331 174 152
812 121 890 166 DE
922 120 1303 166 INVENTIONE
1455 99 1460 104 ’
1833 130 1888 169 36

223 243 389 312 igitur
442 243 670 294 mundus
731 239 1179 307 administratur'3
1244 243 1337 292 aut
1389 260 1552 295 unum
1604 243 1660 295 in
1712 244 1888 296 locum

224 335 341 368 cum
383 316 693 369 conduxerit
731 315 965 366 breviter
1003 313 1426 382 propositionem
1469 319 1522 367 et
1562 316 1885 385 adsumptio-

221 408 366 457 nem,
407 389 671 456 adiungit,
721 387 844 455 quid
885 405 947 439 ex
993 386 1078 437 his
1128 386 1453 455 conficiatur,
1493 389 1558 441 ad
1597 389 1738 441 hunc
1777 408 1886 442 mo·

224 464 369 515 dum:
411 462 630 522 ‘Quodsi
662 461 852 512 melius
886 462 1144 529 geruntur
1177 477 1253 527 ea,
1293 479 1425 527 quae
1457 463 1695 530 consilio,
1729 481 1887 531 quam

224 555 357 605 quae
391 537 501 587 sine
535 534 757 586 consilio
793 533 1250 600 administrantur,
1280 534 1416 585 nihil
1449 538 1627 587 autem
1652 536 1888 588 omnium
1933 550 1956 582 5

222 628 396 661 rerum
459 608 647 659 melius
710 607 1136 674 administratur,
1199 624 1357 674 quam
1423 608 1593 659 omnis
1647 610 1889 677 mundUS,

223 682 443 735 consilio
490 681 656 750 igitur
706 680 930 731 mundus
971 679 1411 731 administratur.'
1488 680 1890 750 Quinqueperti-

222 760 334 807 tam
382 754 549 824 igitur
594 754 695 805 hoc
741 756 900 822 pacto
955 756 1150 822 putant
1196 770 1310 804 esse
1357 755 1890 823 argumentationem.

135 814 325 889 3ΎΟ111
375 831 553 879 autem
592 827 921 896 tripertitam
960 830 1153 895 putant
1192 844 1322 893 esse,
1367 827 1406 878 ii
1443 845 1552 879 non
1589 828 1747 880 aliter
1784 831 1891 881 tra·

135 890 189 928 60

136 1946 189 1984 61

223 902 356 953 ctari
380 904 573 969 putant
598 905 844 969 oportere
869 919 928 951 ar
933 899 1403 969 gumentationem,
1428 901 1521 952 sed
1543 901 1890 970 partitionem
1915 917 1958 948 10

221 976 411 1026 horum
457 974 863 1042 reprehendunt.
946 972 1165 1042 Negant
1220 973 1360 1025 enim
1405 992 1576 1042 neque
1624 993 1656 1027 a
1699 993 1891 1044 propo-

223 1049 414 1100 sitione
469 1066 638 1116 neque
694 1048 759 1099 ab
817 1047 1189 1115 adsumptione
1246 1047 1661 1115 approbationes
1709 1067 1892 1100 earum

224 1122 462 1191 separari
502 1124 762 1190 oportere,
801 1139 973 1188 neque
1012 1120 1438 1188 propositionem
1470 1122 1775 1174 absolutam
1806 1139 1892 1173 ne-

224 1214 322 1263 que
364 1194 791 1263 adsumptionem
833 1195 934 1245 sibi
972 1194 1262 1262 perfectam
1301 1193 1490 1261 videri,
1531 1213 1664 1263 quae
1705 1213 1891 1264 appro-

221 1269 438 1321 batione
465 1269 781 1320 confirmata
810 1286 918 1319 non
944 1268 1027 1319 sit.
1084 1267 1257 1329 Quare
1284 1286 1414 1335 quas
1447 1268 1528 1319 illi
1553 1268 1684 1320 duas
1710 1271 1891 1337 partes
1917 1280 1960 1314 15

222 1346 516 1409 numerent,
554 1342 980 1410 propositionem
1013 1344 1066 1392 et
1099 1341 1557 1409 approbationem,
1597 1342 1701 1394 sibi
1730 1359 1893 1393 unam

221 1419 431 1485 partem
470 1415 652 1483 videri,
691 1415 1136 1484 propositionem3
1187 1432 1319 1482 quae
1362 1415 1407 1465 si
1447 1416 1749 1483 approbata
1785 1433 1894 1467 non

224 1490 315 1557 sit,
362 1488 660 1558 propositio
708 1507 815 1540 non
862 1488 933 1539 sit
979 1487 1479 1557 argumentationis
1555 1488 1708 1557 Item,
1759 1507 1892 1556 quae

225 1563 290 1614 ab
336 1563 443 1613 illis
494 1562 797 1630 adsumptio
846 1565 898 1613 et
946 1561 1332 1628 adsumptionis
1388 1561 1708 1630 approbatio
1757 1562 1893 1614 dica-

223 1642 324 1703 tur,
366 1636 585 1687 eandem
627 1635 731 1686 sibi
771 1635 1198 1703 adsumptionem
1241 1635 1409 1686 solam
1451 1635 1632 1686 videri.
1692 1634 1779 1686 Ita
1815 1635 1892 1703 fit,
1917 1648 1962 1681 20

222 1713 282 1760 ut
332 1709 515 1761 eadem
562 1709 771 1760 ratione
824 1708 1216 1776 argumentatio
1268 1710 1502 1759 tractata
1541 1708 1658 1760 aliis
1705 1708 1895 1778 triper-

222 1783 345 1850 tita,
393 1783 511 1834 aliis
565 1782 997 1850 quinquepertita
1042 1781 1299 1833 videatur.
1377 1780 1551 1842 Quare
1592 1781 1788 1848 evenit,
1834 1785 1896 1833 ut

223 1875 306 1908 res
348 1875 455 1908 non
495 1859 608 1907 tam
649 1856 715 1907 ad
754 1873 910 1907 usum
952 1855 1157 1907 dicendi
1197 1855 1480 1924 pertineat,
1520 1873 1677 1924 quam
1714 1855 1781 1908 ad
1811 1873 1893 1907 ra·

223 1930 423 1982 tionem
476 1929 881 1998 praeceptionis.
965 1927 1136 1981 Nobis
1193 1931 1372 1980 autem
1426 1928 1754 1981 commodior
1799 1929 1896 1981 illa

223 2003 444 2072 partitio
484 2003 693 2054 videtur
745 2021 882 2069 esse,
931 2021 1064 2070 quae
1102 2002 1159 2053 in
1199 2003 1429 2070 quinque
1468 2006 1648 2070 partes
1687 2002 1894 2054 tributa
1918 2015 1961 2048 25

225 2080 327 2143 est,
377 2095 536 2144 quam
585 2094 766 2127 omnes
816 2076 882 2127 ab
923 2076 1214 2128 Aristotele
1263 2079 1316 2127 et
1355 2075 1730 2143 Theophrasto
1778 2094 1895 2144 pro-

223 2150 350 2202 fecti
396 2150 626 2201 maxime
680 2150 845 2201 secuti
885 2152 1023 2201 sunt.
1098 2147 1240 2200 Nam
1280 2149 1896 2217 quemadmodumillud

225 2223 466 2292 superius
516 2241 682 2292 genus
732 2222 1162 2292 argumentandi,
1211 2222 1350 2290 quod
1399 2240 1494 2291 per
1531 2222 1895 2274 inductionem

225 2298 476 2364 sumitur,
516 2297 746 2348 maxime
787 2295 1031 2348 Socrates
1073 2298 1126 2347 et
1166 2293 1424 2348 Socratici
1462 2299 1779 2362 tractarunt,
1818 2296 1895 2348 sic

223 2371 346 2438 hoc,
395 2370 535 2438 quod
585 2389 679 2438 per
717 2370 1184 2422 ratiocinationem
1224 2369 1515 2438 expolitur,
1561 2387 1765 2421 summe
1812 2373 1894 2421 est
1918 2384 1962 2416 30

226 2445 291 2495 ab
332 2443 627 2495 Aristotele
675 2446 835 2512 atque
883 2462 913 2495 a
960 2442 1330 2511 Peripateticis
1381 2445 1456 2509 [et
1495 2442 1892 2511 Theophrasto]

223 2517 645 2585 frequentatum,
693 2517 878 2568 deinde
926 2535 956 2568 a
1002 2516 1308 2568 rhetoribus
1346 2516 1436 2584 113,
1485 2516 1575 2584 qui
1613 2516 1894 2584 elegantis-

226 2591 347 2641 simi
395 2595 552 2659 atque
600 2590 1030 2643 artificiosissimi
1068 2590 1245 2658 putati
1285 2594 1423 2642 sunt.
1500 2588 1673 2651 Quare
1714 2593 1892 2641 autem

225 2664 378 2715 nobis
426 2665 522 2716 illa
561 2665 733 2732 magis
773 2663 995 2733 partitio
1034 2664 1304 2731 probetur,
1351 2663 1630 2716 dicendum
1668 2662 1894 2730 videtur,

224 2755 290 2788 ne
322 2740 519 2790 temere
555 2738 721 2789 secuti
751 2741 1023 2807 putemur3
1064 2741 1116 2788 et
1152 2737 1384 2789 breviter
1416 2736 1709 2803 dicendum,
1738 2753 1806 2788 ne
1837 2735 1894 2787 in
1918 2747 1961 2781 35

225 2810 528 2862 huiusmodi
588 2811 746 2862 rebus
810 2811 1030 2878 diutiuS,
1100 2829 1260 2878 quam
1328 2810 1466 2862 ratio
1535 2808 1891 2878 praecipiendi

225 2885 483 2952 postulat,
524 2902 925 2936 commoremur.
