2080 3204
649 89 1006 135 ADNOTATIO
1041 90 1294 136 CRITICA.
1622 94 1815 139 XXXIX

136 223 180 264 p.
204 210 275 252 45.
317 232 372 238 —
409 207 457 251 P.
493 211 562 252 26.
604 213 644 252 6.
682 221 752 252 res
789 209 929 252 simili
968 207 1001 251 C
1043 222 1113 253 res
1149 210 1316 254 similes
1354 211 1569 255 dissimili
1607 211 1811 269 Langen.

136 265 302 310 Philol.
337 271 406 321 36,
432 270 531 309 595.
566 292 619 297 —
653 271 691 310 8.
717 267 998 322 proferemus
1023 265 1055 311 C
1090 269 1363 322 conferemus
1388 287 1436 312 ω.
1464 296 1518 301 -
1545 276 1584 314 9.
1617 276 1658 314 et
1689 273 1813 315 utili-

133 329 268 370 tatem
300 338 387 368 om.
414 325 620 384 ΗΒῙΡβ.
649 351 702 356 --
731 331 798 369 11.
831 340 932 370 cum
962 327 1095 370 orbus
1126 326 1237 369 HBl
1270 341 1371 371 cum
1399 330 1580 373 morbus
1617 328 1675 371 Pl
1714 344 1814 373 cum

130 384 278 427 morbi
315 382 375 425 P2
414 409 469 414 —
506 385 567 428 sit
597 383 673 428 K2.
715 411 769 416 —
816 389 883 428 12.
917 399 970 429 em
1001 399 1049 429 eo
1082 421 1090 429 .
1120 419 1128 428 .
1162 399 1186 429 o
1216 388 1289 430 uel
1319 386 1356 429 B
1389 401 1443 431 eoe
1481 401 1589 444 equo
1627 393 1668 433 et
1699 389 1811 432 bono

132 443 205 486 uel
243 443 284 500 β.
327 467 384 473 -
433 446 500 485 14.
532 443 575 486 si
615 444 726 498 quid
765 442 798 486 C
837 445 879 487 si
916 445 995 500 qui
1033 445 1142 500 quid
1182 445 1276 501 P(?)
1322 463 1369 488 co.
1413 472 1466 477 -—
1511 448 1552 490 si
1595 461 1710 503 quae
1740 447 1812 490 Bl.

133 526 189 532 —
238 505 307 545 16.
352 514 445 545 rem
486 502 567 544 ubi
590 504 892 556 paciscwntur
922 504 974 546 in
1005 504 1182 547 comitio
1213 503 1302 546 ΗΒ
1335 505 1578 561 (suprascr.
1610 506 1812 550 oratione

123 561 426 617 paciscuntur
472 558 549 615 ΒΞ)
589 561 676 604 ΡΚ
728 575 820 605 rem
864 562 945 604 ubi
991 567 1173 618 payunt
1222 565 1418 607 oraciom
1472 565 1547 618 (=
1595 565 1812 620 orationi)

123 623 308 676 payunt
351 619 405 662 in
442 620 618 663 comitio
648 619 679 662 b
716 634 809 664 rem
847 621 928 664 ubi
971 624 1210 676 (suprascr.
1247 622 1297 681 β2
1318 623 1578 680 payuntur)
1612 625 1814 668 orationi

122 682 308 734 pdyunt
351 679 405 721 in
451 679 628 722 comitio
670 679 697 736 β
742 693 834 722 rem
879 679 960 722 ubi
1000 685 1202 737 payunt,
1245 686 1399 736 orato;
1443 683 1496 725 ni
1533 688 1717 739 payunt
1761 684 1814 726 in

131 737 309 780 comitio
346 735 486 780 Prisc.
521 737 583 792 X,
625 742 702 791 32,
752 752 806 781 ex
844 737 972 781 Bosii
1012 739 1128 794 conj.
1168 740 1329 784 Lamb.
1369 740 1465 784 Jac.
1506 754 1534 784 a
1575 739 1717 785 Cruce
1756 755 1814 785 ex

131 795 276 850 antiq.
310 795 409 838 cod.
444 795 490 838 in
518 796 703 839 Gruteri
733 797 849 839 thes.
874 795 909 851 1,
936 801 1035 840 684.
1069 823 1123 828 ——
1159 802 1225 842 18.
1259 801 1334 842 cui
1357 801 1371 855 ΙΙ
1395 801 1482 844 cito
1505 798 1549 842 H
1581 801 1745 844 euicito
1776 801 1813 844 B

130 855 374 911 (suprascr.
413 844 587 912 ffnictio
624 854 725 912 ΒΞ),
764 855 822 898 P¹
868 856 1053 900 conitito
1092 856 1122 899 b
1169 859 1361 901 contrito
1395 860 1422 917 β
1461 860 1618 902 coicito
1658 858 1810 902 Halm.

129 927 204 957 an.
251 912 372 957 Tull.
415 918 467 956 12
510 914 612 957 adn.
653 919 679 957 3
720 915 944 958 coiciunto
984 913 1039 957 K.
1081 940 1135 946 —
1177 920 1245 960 21.
1287 918 1336 960 id
1374 919 1492 973 quod
1529 917 1641 961 HP1
1679 919 1814 975 idque

131 970 226 1016 CK.
276 998 331 1004 —-
380 977 450 1016 22.
497 972 687 1015 Initium
734 971 900 1028 capitis
947 973 1235 1018 intercidisse
1282 974 1403 1018 vidit
1451 976 1578 1032 Sela„
1625 976 1706 1032 qui
1750 977 1815 1021 In

127 1033 377 1076 assumtiva
415 1031 715 1086 interposuit,
755 1032 834 1076 sed
866 1032 944 1075 cfr.
977 1031 1031 1075 Κ.
1079 1033 1148 1076 ed.
1180 1048 1247 1089 pr.
1281 1047 1323 1089 p.
1358 1039 1458 1078 251.
1492 1061 1546 1066 —
1581 1040 1649 1080 23.
1683 1049 1814 1093 ayere

132 1089 182 1148 ΙΙΙ
217 1091 262 1133 Η
308 1104 436 1146 ayere
472 1089 557 1133 BP
601 1091 749 1144 faeere
786 1090 857 1150 bfi
897 1105 1081 1148 ayerene
1122 1092 1195 1135 W.
1237 1118 1292 1124 —
1334 1097 1403 1136 25.
1441 1108 1495 1138 ex
1534 1098 1813 1140 contentione

129 1149 220 1193 del.
254 1148 493 1193 Ostmann.
526 1149 557 1193 1.
589 1162 627 1193 o.
660 1154 730 1193 31.
764 1176 818 1181 —
852 1154 922 1195 26.
954 1151 1185 1195 venustius
1217 1151 1262 1195 C.
1303 1152 1534 1197 honestius
1562 1152 1720 1197 Lamb.
1754 1179 1810 1186 —

127 1213 198 1254 27.
224 1209 376 1264 ipsene
409 1208 469 1268 βῙ.
513 1233 568 1239 ——
610 1212 678 1252 28.
711 1209 873 1252 utilius
905 1223 992 1252 om.
1027 1227 1060 1252 ω
1094 1209 1227 1266 Bait,
1267 1213 1430 1255 utilius
1459 1214 1691 1256 statuendi
1722 1213 1810 1257 del.

127 1267 202 1311 W.
235 1292 289 1298 —
322 1271 393 1311 30.
433 1268 625 1322 suspitio
665 1281 719 1311 eoe
751 1273 886 1311 const.
922 1282 1009 1311 om.
1042 1267 1188 1312 HPB.
1225 1296 1279 1300 —
1313 1271 1605 1325 conjecturali
1637 1270 1668 1314 C
1709 1285 1811 1316 con-

125 1327 300 1371 iectura
339 1326 397 1368 B2
429 1352 483 1358 —
517 1331 586 1371 31.
619 1327 738 1382 quod
769 1325 894 1368 B2P2
926 1341 1012 1383 quo
1045 1327 1090 1371 C.
1133 1354 1188 1360 —-
1230 1333 1299 1372 32.
1337 1331 1434 1373 sine
1470 1329 1521 1388 {.{
1556 1343 1605 1374 eo
1637 1331 1739 1375 dolo
1769 1331 1812 1374 H

125 1386 222 1431 sine
260 1385 361 1430 dolo
391 1385 451 1427 B¹
490 1386 568 1429 sed
598 1399 645 1429 eo
676 1386 778 1430 dolo
808 1385 868 1428 P1
897 1387 974 1430 sed
1004 1388 1104 1430 dolo
1138 1387 1170 1429 C
1201 1389 1278 1432 sed
1307 1389 1360 1432 in
1391 1402 1438 1432 eo
1470 1390 1571 1432 dolo
1603 1405 1637 1432 ω
1666 1389 1721 1433 Κ.
1756 1416 1811 1421 -

125 1445 353 1502 neyotium
382 1444 488 1488 incl.
522 1444 576 1488 K.
613 1470 667 1476 —
699 1450 870 1499 yestum
908 1447 962 1489 de
1005 1447 1162 1502 aliqua
1193 1448 1429 1502 probabili
1466 1462 1605 1492 causa
1647 1449 1705 1492 ab
1738 1449 1811 1493 de-

124 1505 301 1559 fensore
342 1504 415 1559 (ab
447 1504 534 1556 def.
568 1517 657 1547 om.
687 1502 832 1559 B²P2)
865 1505 1090 1558 referatur
1123 1507 1371 1562 (deferatur
1401 1507 1444 1549 H
1475 1508 1706 1551 deseratur
1738 1521 1811 1564 ap.

125 1563 204 1620 W)
236 1563 567 1620 argumentatio
594 1563 910 1607 coniecturalis
941 1565 994 1607 de
1024 1578 1116 1620 qua
1146 1570 1250 1609 ante
1281 1567 1436 1620 (antea
1458 1566 1501 1609 H
1534 1580 1606 1622 ap.
1638 1565 1811 1622 Halm.)

125 1623 296 1667 dictum
326 1626 400 1666 est.
456 1622 634 1665 Deinde
665 1627 904 1678 quaeretur
945 1623 1217 1679 (quereretur
1248 1624 1306 1679 H)
1351 1625 1435 1668 etc.
1469 1625 1624 1678 HBP,
1658 1627 1685 1682 β
1725 1625 1812 1681 (ita

125 1680 311 1737 incipit:
359 1685 554 1736 yestum,
600 1682 656 1724 ab
702 1681 929 1735 defensore
975 1695 1063 1726 esse
1109 1684 1162 1726 de
1210 1684 1367 1739 aliqua
1398 1684 1634 1740 probabili
1671 1698 1812 1728 causa

127 1741 233 1796 etc.)
279 1744 450 1795 gestum
487 1774 496 1783 .
533 1740 586 1783 de
631 1740 788 1795 aliqua
825 1741 1059 1796 probabili
1105 1755 1245 1785 causa
1291 1744 1382 1798 (ap.
1429 1742 1602 1798 Halm.)
1649 1744 1812 1788 deinde

126 1804 365 1855 quaeretur
387 1813 437 1854 p.
469 1813 508 1843 v.
553 1799 606 1841 in
636 1812 735 1842 eum
767 1800 793 1842 l.
826 1814 865 1842 v.
899 1800 956 1843 ab
996 1801 1224 1854 defensore
1254 1807 1414 1845 contra
1443 1803 1667 1856 referatur
1698 1817 1740 1846 a.
1772 1816 1808 1847 c.

125 1859 180 1902 de
218 1872 309 1915 qua
347 1872 388 1901 a.
429 1859 471 1902 cl.
505 1862 568 1901 est
597 1857 639 1901 b.
683 1858 940 1913 Kayserum
972 1861 1154 1902 secutus
1194 1875 1306 1904 sum.
1377 1860 1485 1904 Alia
1524 1859 1607 1904 alii
1643 1874 1809 1917 propo·

125 1917 327 1961 suerunt.
362 1943 415 1948 —
449 1922 518 1961 36.
551 1917 622 1961 his
652 1918 720 1961 ita
750 1916 785 1958 P
824 1918 894 1960 liis
925 1919 1033 1962 loeis
1063 1920 1128 1962 sic
1159 1919 1240 1977 bfi.
1276 1945 1330 1952 --
1363 1925 1432 1963 37.
1458 1921 1568 1964 utile
1590 1921 1605 1976 ΙΙ
1629 1921 1811 1964 utiliore

117 1977 324 2033 posuerit
359 1975 404 2018 H
441 1976 549 2019 utili
579 1978 899 2031 praeposuerit
937 1975 969 2020 C
1008 1979 1115 2021 utili
1152 1979 1265 2022 utile
1304 1979 1484 2023 utiliori
1507 1992 1716 2035 praepos.
1748 1979 1810 2023 W

126 2062 181 2067 —
200 2036 250 2079 P.
269 2040 338 2079 27.
366 2040 405 2078 1.
430 2035 611 2079 haberet
634 2052 668 2078 ω
687 2035 805 2078 Bait.
825 2036 877 2078 K.
898 2062 951 2067 —
970 2041 1011 2080 4.
1036 2038 1128 2093 ipsi
1151 2038 1262 2093 quid
1287 2038 1405 2094 conj.
1424 2037 1594 2081 Simon.
1619 2039 1675 2092 11,
1694 2044 1733 2082 3.
1754 2065 1809 2071 -

126 2099 167 2139 8.
198 2096 252 2138 in
281 2108 372 2151 qua
386 2095 591 2150 primum
624 2096 652 2153 β
684 2119 738 2125 ——
763 2096 917 2139 iurene
940 2095 983 2139 b.
1011 2122 1065 2127 —
1091 2101 1130 2140 9.
1158 2111 1294 2153 aeque
1318 2097 1365 2140 C.
1392 2111 1584 2153 aequene
1609 2096 1806 2142 Gronov.

126 2180 182 2186 —
217 2159 284 2198 13.
324 2158 430 2197 ante
467 2167 554 2197 om.
587 2153 643 2196 H.
684 2179 738 2184 —
786 2159 852 2197 16.
892 2155 993 2209 fieri
1031 2169 1119 2199 om.
1151 2155 1208 2198 H.
1243 2182 1296 2187 —
1334 2161 1401 2199 19.
1434 2161 1670 2200 accusator
1701 2157 1806 2200 incl.

29 2229 42 2242 ·
125 2213 180 2258 K.
214 2238 270 2245 —
303 2217 370 2256 20.
397 2217 448 2256 ut
478 2214 532 2256 de
563 2247 572 2256 .
593 2246 602 2255 .
621 2248 630 2256 .
664 2213 818 2267 fecisse
849 2214 1005 2258 dicant
1036 2215 1124 2258 del.
1156 2214 1324 2259 Simon.
1359 2215 1415 2270 Π,
1443 2220 1508 2259 10.
1543 2240 1597 2246 ——
1631 2220 1700 2259 21.
1735 2230 1806 2259 ac-

125 2277 306 2317 cusator
341 2271 450 2316 incl.
480 2271 557 2315 K2.
607 2297 661 2304 —
709 2277 778 2316 23.
820 2274 1119 2327 transferetur
1156 2274 1226 2333 ὀβ
1265 2300 1320 2306 -
1359 2280 1532 2330 tempus
1571 2275 1716 2318 locum
1746 2274 1812 2317 H1

126 2333 274 2376 locum
303 2335 474 2386 tempus
499 2331 545 2375 C.
582 2356 634 2362 —
669 2336 737 2375 27.
764 2334 870 2375 ante
895 2334 1115 2390 puryatio
1143 2333 1269 2378 add:
1302 2334 1375 2377 hic
1397 2334 1661 2391 iynoseendi
1690 2334 1811 2378 ratio

123 2391 360 2447 quaeritur
397 2404 452 2434 ex
488 2390 560 2434 his
598 2391 706 2435 locis
736 2390 792 2445 H,
827 2389 864 2432 B
906 2392 1107 2447 (punctis
1147 2394 1261 2449 not.)
1293 2391 1330 2434 P
1365 2393 1444 2436 cfr.
1477 2408 1519 2448 p.
1547 2396 1616 2444 28,
1642 2396 1714 2436 28.
1755 2419 1808 2425 -

127 2455 197 2494 29.
221 2450 575 2506 imprudentiam
597 2450 830 2503 fortunam
847 2450 1108 2495 Hoffmann.
1134 2451 1164 2494 l.
1185 2465 1222 2495 c.
1246 2467 1291 2507 p.
1310 2456 1380 2506 47,
1407 2451 1488 2495 sed
1513 2450 1591 2494 cfr.
1610 2450 1809 2496 Thielm.

125 2510 217 2552 act.
248 2509 358 2564 Arg.
390 2508 446 2563 ΙΙ,
479 2512 566 2552 454
598 2508 701 2552 adn.
730 2514 767 2553 1.
802 2535 856 2540 —
890 2514 958 2553 30.
985 2511 1038 2554 de
1068 2511 1139 2554 his
1162 2511 1378 2565 partibus
1403 2547 1412 2555 .
1439 2545 1448 2554 .
1477 2545 1485 2553 .
1511 2510 1687 2554 videtur
1721 2511 1809 2555 del.

128 2568 254 2622 Sch.‚
294 2567 399 2611 incl.
433 2567 486 2613 K.
522 2566 719 2612 Thielm.
753 2568 782 2611 1.
818 2582 854 2611 c.
887 2573 986 2613 457.
1027 2595 1084 2601 —
1125 2574 1194 2613 32.
1226 2583 1337 2613 num
1377 2570 1512 2625 culpa
1543 2574 1722 2613 ventum
1751 2571 1812 2614 sit

126 2628 180 2670 in
209 2628 578 2672 necessitudinem
607 2641 717 2671 num
742 2628 922 2683 culpam
952 2629 1162 2673 veniendi
1192 2629 1561 2672 necessitudinem
1590 2629 1746 2682 fecerit
1767 2630 1810 2672 H

123 2700 170 2730 n.
189 2699 274 2742 per
299 2686 478 2742 culpam
500 2699 540 2730 v.
557 2699 590 2730 s.
616 2687 647 2729 i.
665 2700 710 2730 n.
735 2700 781 2730 n.
808 2687 988 2742 culpam
1010 2702 1050 2732 v.
1075 2688 1352 2731 necessitudo
1374 2688 1408 2741 f.
1433 2686 1546 2745 Phe
1576 2701 1687 2731 num
1717 2689 1809 2732 cul-

118 2759 232 2802 pam
262 2746 333 2800 (m.
368 2747 498 2800 eras.)
527 2746 740 2790 veniendi
767 2747 1134 2790 necessitudinem
1164 2747 1319 2799 fecerit
1341 2746 1400 2789 Β1
1432 2746 1498 2803 (in
1525 2760 1669 2802 marg.
1696 2747 1808 2792 add.

125 2802 206 2847 B²z
237 2817 348 2848 num
378 2817 479 2848 cum
503 2805 638 2860 culpa
666 2808 845 2848 ventum
869 2806 928 2848 sit
951 2807 1003 2848 in
1024 2806 1393 2849 necessitudinem
1423 2806 1564 2862 paulo
1595 2805 1805 2849 inferius:

125 2877 238 2907 num
261 2863 397 2919 culpa
417 2863 628 2908 veniendi
649 2864 1017 2908 necessitudinem
1039 2865 1205 2918 feeerit.
1246 2863 1375 2908 Num
1398 2866 1578 2921 culpam
1601 2865 1811 2909 veniendi
