2080 3204
169 98 239 150 30
727 97 809 141 AD
842 95 888 141 C.
921 95 1289 141 HERENNIUM

169 237 347 288 onem,
402 218 828 286 exornationem,
885 217 1321 286 complexionem.
1389 217 1697 288 Propositio
1752 221 1851 287 est,

167 312 264 362 per
297 311 458 362 quam
492 292 822 345 ostendimus
857 290 1182 359 summatim,
1216 291 1343 359 quid
1369 292 1439 343 sit
1465 292 1607 360 quod
1631 292 1851 362 probari

167 368 430 420 volumus
483 366 643 418 Ratio
685 368 767 417 est
808 383 942 432 quae
984 366 1247 430 [causam]
1289 364 1626 418 demonstrat
1665 384 1850 418 verum
1912 379 1921 388 ·

169 459 285 494 esse
325 441 394 508 id,
433 440 574 508 quod
613 438 962 506 intendimUS,
1001 438 1154 490 brevi
1194 438 1539 492 subiectione.
1600 439 1850 493 Rationis

169 514 505 568 confirmatio
555 516 638 565 est
686 530 770 579 ea,
819 530 953 579 quae
1000 512 1244 580 pluribus
1295 513 1629 582 argumentis
1676 531 1850 566 corro·
1898 530 1918 562 5

169 588 327 641 borat
385 586 621 638 breviter
685 586 985 654 expositam
1047 586 1324 638 rationem.
1396 586 1692 640 Exornatio
1756 590 1852 656 est,

170 681 275 731 qua
305 661 508 713 utimur
540 659 618 711 rei
649 659 1014 711 honestandae
1049 662 1102 711 et
1135 660 1644 729 conlocupletandae
1677 679 1853 730 causa,

170 735 485 788 confirmata
527 734 1008 802 argumentatione.
1074 732 1386 802 Complexio
1422 738 1517 802 est,
1559 752 1691 803 quae
1731 753 1853 787 con-

169 809 335 861 cludit
357 807 608 874 breviter,
642 807 916 876 conligens
942 809 1124 876 partes
1152 808 1651 877 argumentationis,
1689 807 1854 861 Hisce

167 883 335 951 igitur
376 882 609 950 quinque
649 881 896 950 partibus
936 885 997 933 ut
1038 882 1437 934 absolutissime
1476 885 1705 951 utamur,
1751 883 1853 936 hoc
1878 901 1921 932 10

84 958 148 1010 19
169 956 327 1009 modo
375 955 734 1008 tractabimus
784 956 1322 1025 argumentationem.
1400 955 1632 1009 Causam
1680 959 1854 1009 osten-

82 1788 135 1827 29

168 1031 352 1083 demus
384 1029 536 1082 Ulixi
574 1029 761 1097 fuisse,
804 1048 966 1098 quare
1005 1029 1335 1083 interfecerit
1377 1029 1619 1083 Aiacem:
1661 1029 1853 1082 ‘inimi-

169 1124 290 1158 cum
331 1104 472 1156 enim
514 1103 833 1156 acerrimum
874 1104 936 1155 de
977 1104 1151 1156 medio
1185 1104 1378 1156 tollere
1412 1104 1643 1172 volebat,
1685 1122 1716 1156 a
1749 1122 1853 1173 quo

169 1178 274 1231 sibi
321 1197 432 1230 non
480 1178 676 1230 iniuria
729 1196 999 1230 summum
1053 1178 1350 1248 periculum
1397 1178 1687 1231 metuebat.
1763 1177 1855 1230 Vi-

170 1253 331 1304 debat
369 1253 465 1304 illo
506 1251 765 1304 incolumi
814 1270 869 1304 se
916 1252 1239 1304 incolumem
1285 1271 1395 1304 non
1432 1252 1700 1320 futurum3
1740 1270 1853 1322 spe·
1879 1269 1921 1302 15

167 1327 326 1379 rabat
364 1326 512 1378 illius
553 1329 727 1378 morte
770 1328 872 1392 [se]
924 1327 1153 1378 salutem
1204 1327 1308 1378 sibi
1357 1344 1692 1395 comparare,
1731 1344 1854 1379 con-

170 1404 441 1468 sueverat,
483 1400 528 1452 si
567 1400 680 1451 iure
718 1418 828 1452 non
867 1404 1131 1468 potuerat,
1172 1400 1368 1452 iniuria
1408 1400 1596 1469 quavis
1636 1400 1853 1453 inimico

170 1474 392 1526 exitium
451 1474 773 1541 machinari,
828 1474 912 1526 cui
966 1475 1044 1526 rei
1099 1493 1244 1526 mors
1301 1474 1526 1544 indigna
1578 1474 1855 1527 Palamedi

168 1548 542 1600 testimonium
583 1548 688 1599 dat.
750 1548 899 1617 Ergo
936 1550 1034 1614 [et]
1069 1552 1244 1600 metus
1277 1548 1502 1618 periculi
1533 1548 1856 1600 hortabatur

170 1641 289 1674 eum
329 1622 658 1690 interimere3
701 1640 732 1673 a
773 1640 876 1689 quo
920 1622 1242 1691 supplicium
1283 1623 1591 1690 verebatur,
1640 1640 1855 1675 consue-
1881 1639 1922 1672 20

169 1696 298 1748 tudo
353 1696 607 1765 peccandi
662 1696 912 1748 maleficii
969 1696 1292 1765 suscipiendi
1339 1696 1654 1748 removebat
1708 1696 1856 1749 dubi-

170 1770 447 1823 tationem.
490 1769 687 1822 Omnes
722 1770 862 1821 enim
897 1789 1015 1822 cum
1049 1770 1272 1822 minima
1305 1774 1525 1839 peccata
1551 1789 1670 1823 cum
1696 1789 1858 1823 causa

171 1844 492 1912 suscipiunt,
548 1847 664 1895 tum
711 1862 837 1896 vero
891 1844 1010 1912 illa,
1069 1863 1202 1912 quae
1243 1845 1416 1897 multo
1459 1845 1693 1897 maxima
1733 1847 1857 1897 sunt

170 1918 455 1986 maleficia,
504 1918 684 1986 aliquo
733 1921 878 1970 certo
929 1919 1288 1971 emolumento
1335 1919 1539 1971 inducti
1587 1919 1855 1988 suscipere

172 1995 447 2045 conantur.
526 1991 582 2044 Si
638 1992 840 2044 multos
895 1992 1105 2044 induxit
1159 1992 1216 2044 in
1268 1995 1546 2061 peccatum
1601 1993 1856 2063 pecuniae
1881 2009 1922 2042 25

173 2084 316 2135 speS,
367 2066 412 2117 si
461 2067 763 2134 complures
813 2084 867 2118 se
916 2067 1113 2119 scelere
1162 2067 1597 2118 contaminarunt
1643 2067 1857 2136 imperii

171 2140 489 2209 cupiditate,
531 2140 576 2191 si
616 2140 775 2191 multi
815 2140 931 2192 leve
973 2140 1347 2209 compendium
1387 2140 1573 2192 fraude
1621 2142 1858 2193 maxima

172 2217 592 2281 commutarunt,
634 2214 717 2266 cui
756 2214 952 2266 mirum
992 2215 1274 2282 videbitur,
1314 2215 1481 2266 istum
1523 2214 1554 2267 a
1593 2215 1855 2268 maleficio

169 2292 393 2358 propter
419 2288 732 2340 acerrimam
756 2288 1099 2340 formidinem
1124 2307 1233 2340 non
1257 2290 1624 2358 temperasse?
1664 2288 1856 2341 Virum

169 2362 543 2430 fortissimum,
574 2362 999 2432 integerrimum,
1030 2363 1433 2415 inimicitiarum
1466 2363 1858 2432 persequentis·
1881 2379 1924 2411 30

173 2437 382 2504 simum,
418 2431 626 2488 'iniuria
673 2437 1003 2505 lacessitum,
1049 2437 1131 2489 ira
1171 2437 1554 2489 exsuscitatum
1592 2438 1755 2490 homo
1795 2437 1858 2489 ti-

173 2511 370 2577 midus,
409 2529 629 2578 nocenS,
671 2511 912 2563 conscius
954 2511 1035 2562 sui
1074 2513 1301 2580 peccati,
1341 2511 1647 2579 insidiosus,
1685 2511 1858 2563 inimi-

174 2589 292 2636 cum
340 2585 664 2636 incolumem
714 2603 828 2636 esse
874 2585 1070 2637 noluit:
1119 2585 1209 2653 qui
1256 2585 1474 2637 tandem
1520 2585 1623 2638 hoc
1662 2586 1858 2637 mirum

172 2658 477 2710 videbitur?
555 2659 698 2711 Nam
747 2677 865 2711 cum
912 2659 1054 2711 feras
1093 2659 1294 2711 bestias
1335 2660 1610 2711 videamus
1652 2660 1857 2713 alacres

174 2736 228 2784 et
268 2736 471 2784 erectas
512 2733 726 2800 vadere,
766 2736 827 2784 ut
875 2733 1032 2785 alteri
1079 2733 1283 2785 bestiae
1322 2737 1572 2799 noceant,
1621 2751 1730 2786 non
1776 2735 1858 2785 est
1881 2747 1923 2780 35

173 2805 485 2857 incredibile
543 2807 842 2875 putandum
896 2807 1054 2859 istius
1111 2825 1319 2876 quoque
1378 2807 1615 2860 animum
1669 2806 1855 2874 ferum,

175 2879 441 2932 crudelem
490 2882 650 2949 atque
698 2881 1055 2933 inhumanum
1104 2881 1290 2950 cupide
1340 2881 1406 2933 ad
1444 2880 1647 2935 inimici
1684 2880 1857 2950 perni-
