2080 3204
54 216 229 261 'Anni

129 273 173 305 U.
193 271 231 303 G.

269 227 367 258 Ante

261 271 298 302 C.
358 295 365 302 .

634 93 753 137 PER
784 93 986 138 ANNOS
1019 93 1291 138 DIGESTA.
1316 149 1321 154 ὓ
1697 95 1812 140 ΧΙΧ-

383 226 387 400 ἶ
648 242 657 251 ’
1703 230 1807 306 {3³51

475 327 636 372 Cicero
669 329 728 373 ab
761 328 899 372 armis
930 322 1167 373 discedens
1191 330 1485 373 Brundisium
1509 330 1649 374 venit.
1679 321 1683 390 1

143 393 226 433 707
290 392 345 431 47
417 385 465 432 C.
506 388 662 431 Iulius
703 388 871 432 Caesar
912 388 988 431 II.
1030 387 1263 441 Dictator,
1310 389 1378 434 M.
1419 390 1650 433 Antonius
1720 395 1775 434 60

594 447 815 502 Magister
829 447 1078 502 Equitum.

475 504 662 559 Caesar,
699 506 833 571 bello
866 505 1176 562 Alexandrino
1217 506 1448 560 confecto,
1496 519 1650 550 mense

383 592 387 671 ξ
414 562 1650 678 ῗῗὲἕἚῗέἐ9ζὲὶέἶᾶἓῖἓέἃῖθἶῗὲἔέἓξῖὴῗιὲἓέἓηὲῗᾲ
1680 561 1684 645 ¹

383 674 386 690 ¹
415 682 553 734 vidit,
587 681 825 725 descendit
855 695 1051 736 eumque
1085 682 1329 737 salutavit,
1371 697 1474 726 cum
1507 697 1651 737 eoque

416 741 683 795 colloquens
715 741 861 783 multa
892 740 1044 783 stadia
1074 742 1310 796 processit.
1365 741 1510 785 Paulo
1545 744 1653 797 post

384 811 387 855 ;
416 798 590 852 Cicero,
624 799 702 854 qui
725 813 870 854 usque
895 799 954 842 ad
985 798 1034 840 id
1058 801 1242 854 tempus
1267 801 1498 844 Brundisii
1532 815 1650 845 com—

384 858 387 871 '
416 861 622 901 moratus
654 859 766 911 erat,
800 858 848 900 in
879 858 1040 900 urbem
1073 859 1214 901 venit.

476 917 641 959 Tribus
678 915 892 973 extremis
925 917 968 959 h.
995 930 1034 961 a.
1068 916 1303 961 mensibus
1327 931 1441 960 coss.
1468 917 1655 961 fuerunt

418 974 467 1026 Q.
501 973 884 1018 Fufius'Calenus
927 976 974 1018 et
1003 976 1052 1017 P.
1086 975 1315 1019 Vatinius.
1379 976 1545 1020 Caesar
1577 976 1651 1019 VI.

417 1035 517 1078 Kal.
550 1034 645 1076 Ian.
679 1033 901 1087 Lilybaeo
932 1033 980 1076 in
1012 1033 1217 1077 Africam
1249 1035 1447 1086 traiecit,
1478 1032 1654 1079 bellum
1684 1049 1687 1074 ι

385 1094 636 1168 'adversus
676 1092 997 1146 PompeianOS,
1042 1093 1303 1148 Scipionem
1338 1098 1385 1137 et
1432 1092 1654 1138 Catonem

417 1154 463 1194 et
493 1151 654 1194 Iubam
688 1150 996 1194 Mauritaniae
1028 1166 1185 1207 regem
1219 1154 1446 1208 gesturus.
1640 1154 1648 1162 ‘

143 1213 228 1256 708
290 1216 346 1256 46
418 1210 536 1253 Coss
565 1209 609 1253 Ο.
625 1211 781 1253 Iulius
800 1209 1098 1263 CaesarIII.,
1118 1212 1187 1253 M.
1202 1213 1424 1254 Aemilius
1439 1212 1653 1267 Lepidae.
1726 1218 1778 1258 61

479 1268 526 1313 C.
559 1269 714 1312 Iulius
748 1268 923 1312 Caesar*
942 1271 1078 1313 simul
1111 1270 1184 1312 ΙΙΙ.
1213 1269 1437 1325 Dictator,
1472 1272 1541 1314 M.
1569 1271 1654 1315 Ae·
1729 1288 1734 1292 ·

415 1329 570 1371 milius
601 1327 806 1384 Lepidus
837 1329 958 1383 Mag.
992 1328 1226 1383 Equitum.
1384 1376 1386 1378 ,

477 1387 642 1431 Caesar
685 1386 821 1430 initio
873 1386 1043 1430 mensis
1092 1388 1264 1443 Aprilis
1306 1387 1568 1444 Scipionem
1610 1390 1657 1431 et

417 1445 574 1489 Iubam
609 1446 765 1489 vincit.
799 1444 964 1489 Paucis
997 1445 1159 1489 diebus
1189 1448 1297 1503 post
1325 1447 1386 1492 M.
1414 1447 1529 1491 Cato
1553 1447 1653 1491 Uti-

417 1518 498 1549 cae
530 1505 617 1548 sibi
660 1506 854 1551 mortem
887 1506 1144 1550 consciscit.
1208 1505 1396 1561 Caesar,
1436 1506 1654 1557 Africano
1686 1555 1688 1557 ¹

385 1565 540 1608 ‘bello
580 1564 811 1618 confecto,
858 1563 923 1609 Id.
964 1563 1106 1607 Iuniis
1155 1565 1350 1608 classem
1390 1562 1689 1610 conscendit!

416 1626 463 1666 et
511 1622 586 1665 die
632 1622 772 1666 tertio
818 1622 866 1664 in
907 1622 1169 1666 sardiniam
1215 1625 1354 1667 venit.
1424 1624 1537 1668 Inde
1577 1612 1689 1666 111.'

416 1682 516 1725 Kal.
553 1681 706 1733 Quint.
749 1680 982 1736 profectus
1015 1682 1210 1725 Romam
1247 1683 1377 1726 venit
1407 1697 1446 1726 a.
1481 1683 1523 1727 d.
1556 1682 1652 1726 VII.

416 1741 516 1784 Kal.
549 1739 682 1798 Sext,
747 1739 817 1783 Ibi
855 1742 1075 1794 quattuor
1114 1741 1362 1796 triumphis
1401 1743 1518 1785 actis
1557 1755 1652 1784 rem

416 1799 566 1855 publ.⁷
592 1800 834 1842 ¹summam
865 1801 1146 1854 potestatem
1180 1804 1357 1854 nactus,
1398 1801 1652 1844 constituit.

416 1859 638 1901 Extremo
661 1871 780 1900 anno
813 1858 870 1900 ad
901 1857 1072 1901 bellum
1097 1857 1400 1913 Hispaniense
1434 1860 1653 1903 adversus

417 1917 629 1972 Pompeii
669 1915 838 1959 liberos
879 1917 1112 1972 profectus
1152 1919 1222 1960 est
1262 1921 1308 1961 et
1347 1921 1453 1974 post
1484 1918 1652 1961 XXVII

416 1976 514 2019 dies
548 1976 593 2018 in
627 1975 898 2030 Hispaniam
930 1976 1071 2020 venit.
1129 1975 1307 2019 Eodem
1340 1990 1460 2020 anno
1486 1977 1655 2021 Caesar

384 2067 387 2092 a
416 2035 560 2078 fastos
595 2034 795 2078 correxit
828 2037 874 2078 et
906 2036 957 2076 ut
987 2034 1035 2077 in
1068 2038 1302 2090 posterum
1336 2049 1390 2079 ex
1423 2036 1522 2080 Kal.
1557 2037 1650 2079 Ian.

384 2097 676 2156 ltemporum
716 2090 844 2136 ratio'
875 2094 1024 2149 magis
1067 2097 1362 2150 congrueret,
1403 2095 1524 2139 inter
1561 2094 1651 2139 No-

383 2155 587 2221 1vembr.
623 2155 670 2196 et
704 2151 943 2195 Decembr.
981 2166 1161 2195 menses
1205 2153 1319 2197 duos
1359 2154 1474 2197 alios
1513 2154 1652 2198 inter·

417 2212 547 2266 iecit,
598 2213 665 2255 ita
703 2213 756 2254 ut
792 2211 868 2254 hio
908 2225 1055 2254 annus
1089 2214 1270 2255 servato
1305 2215 1462 2256 vetere
1495 2227 1651 2257 mense

380 2228 386 2335 ι
416 2271 726 2323 intercalario,
758 2269 857 2312 XV.
889 2271 1117 2313 mensium
1150 2273 1281 2314 esset.
1682 2275 1685 2291 ²

475 2329 632 2373 Cicero
651 2330 693 2374 h.
713 2343 752 2372 a.
770 2329 969 2372 Brutum
991 2330 1039 2372 et
1057 2328 1242 2373 Catonis
1259 2331 1435 2374 laudem
1454 2330 1651 2386 scripsit,

416 2389 489 2433 cui
516 2387 682 2432 Caesar
706 2389 1023 2432 Anticatonem
1054 2390 1282 2444 opposuit.
1334 2387 1511 2432 Deinde
1545 2389 1650 2432 scri-

384 2466 388 2506 !
415 2449 508 2504 psit
542 2447 772 2491 Oratorem
804 2447 861 2490 ad
890 2447 949 2489 M.
979 2447 1194 2501 Brutum,
1232 2447 1310 2502 qui
1339 2449 1441 2490 tum
1472 2447 1650 2492 Galliae

383 2511 388 2577 l
417 2506 677 2562 Cisalpinae
709 2509 938 2562 praeerat,
981 2508 1046 2561 et,
1079 2510 1134 2549 ut
1163 2507 1368 2560 videtur,
1401 2508 1454 2550 de
1485 2509 1651 2562 optimo

385 2580 568 2646 ‘yenere
606 2570 848 2609 oratorum.
915 2564 1025 2617 Quo
1061 2579 1180 2609 anno
1223 2565 1504 2618 Partz'tiones
1551 2579 1650 2609 ora·
1719 2602 1722 2605 .

384 2656 388 2679 ,
415 2626 557 2669 terias
589 2625 836 2680 scripserit,
875 2624 966 2667 non
1003 2626 1195 2667 constat.
1230 2624 1352 2668 Prid.
1378 2624 1478 2668 Kal.
1511 2625 1651 2668 inter-

418 2685 553 2727 calar.
605 2684 779 2739 priores
819 2683 942 2738 apud
984 2682 1225 2726 Caesarem
1272 2683 1438 2726 habuit
1483 2684 1650 2727 oratio-

417 2756 519 2787 nem
560 2756 642 2798 pro
681 2741 729 2798 Q.
763 2741 980 2796 Liyario,
1026 2755 1158 2797 quem
1194 2741 1245 2794 Q.
1278 2742 1437 2786 Aelius
1470 2742 1651 2785 Tubero

418 2805 726 2860 accusaverat.
811 2801 1028 2844 Extremo
1091 2814 1211 2844 anno
1275 2815 1378 2844 cum
1434 2801 1652 2845 Terentia

418 2874 556 2904 uxore
590 2859 839 2904 divortium
870 2859 994 2903 fecit.
1053 2881 1058 2884 ·
1119 2862 1124 2866 '

1379 2946 1463 2991 b*·
