2080 3204
508 118 688 162 LIBER
720 118 752 162 I.
817 119 943 164 CAP.
980 123 1164 163 14-16.
1228 124 1252 172 ξ
1284 124 1470 164 24—25.
1761 123 1825 175 13

156 238 439 304 occiderat,
480 237 801 306 supplicium
834 238 1081 306 sumpsit,
1123 237 1229 303 [0111
1259 237 1430 289 frater
1463 241 1640 306 esset,]
1685 245 1828 292 ante-

158 329 319 379 quam
350 310 566 362 tabulas
600 311 914 361 testamenti
947 310 1171 379 aperuit,
1211 329 1330 363 cum
1362 311 1408 363 is
1449 329 1633 363 servus
1666 315 1827 365 testa-

156 387 337 436 mento
369 401 531 434 manu
563 383 757 435 missus
798 387 960 451 esset3
999 383 1460 452 necessitudinem,
1499 387 1561 436 ut
1591 385 1697 453 ille,
1740 388 1828 453 qui

157 457 223 509 ad
275 456 414 507 diem
469 459 798 508 commeatus
851 475 961 508 non
1015 457 1185 524 venit,
1242 457 1383 525 quod
1441 475 1609 526 aquae
1664 459 1826 510 inter-

112 543 134 576 5
159 529 457 581 elusissent.
523 528 844 597 Deprecatio
887 532 983 596 est,
1024 548 1143 581 cum
1176 533 1230 581 et
1261 548 1479 598 pecasse
1521 549 1575 582 se
1616 534 1670 582 et
1709 550 1827 584 con-

90 910 132 941 10

89 1275 131 1307 15

87 1640 130 1672 20

87 2006 129 2039 25

88 2373 130 2404 30

86 2737 129 2769 35

157 603 299 655 sulto
338 602 527 654 fecisse
570 604 737 668 [reus]
780 602 1085 669 confitetur,
1135 605 1188 654 et
1235 606 1417 655 tamen
1455 604 1718 672 postulat,
1768 608 1828 655 ut

157 675 240 727 sui
271 675 640 727 misereantur.
717 674 835 726 Hoc
873 675 930 726 in
968 675 1161 727 iudicio
1201 694 1309 728 non
1347 676 1458 728 fere
1506 680 1689 745 potest
1728 696 1829 729 usu

155 748 350 816 venire,
389 748 493 799 nisi
533 752 742 816 quando
781 765 878 815 pro
920 766 981 799 eo
1015 748 1253 815 dicimus,
1292 749 1440 801 cuius
1481 750 1654 801 multa
1685 753 1827 802 recte

154 821 299 874 facta
339 824 566 872 exstant.
647 820 784 886 [Hoc
823 821 980 872 modo
1021 821 1077 872 in
1116 822 1234 873 1000
1275 823 1544 874 0011111111111
1582 841 1677 891 per
1718 842 1827 875 am-

154 894 539 963 plificationem
579 894 878 945 iniciemus:
921 893 1111 962 quodsi
1150 894 1253 946 hoc
1290 894 1521 963 fecisset,
1560 899 1743 947 tamen
1782 896 1830 948 ei

155 986 252 1036 pro
293 967 537 1036 pristinis
571 967 842 1019 beneficiis
874 967 1082 1036 ignosci
1115 967 1436 1035 conveniret,
1475 987 1661 1020 verum
1691 969 1828 1020 nihil

153 1041 399 1110 postulat
449 1041 669 1109 ignosci.
754 1039 902 1108 Ergo
950 1040 1007 1091 in
1052 1040 1307 1092 iudicium
1357 1059 1465 1092 non
1511 1043 1679 1109 venit,
1737 1046 1829 1094 aut

155 1118 416 1182 senatum,
456 1114 523 1165 ad
560 1113 940 1181 imperatorem
990 1116 1042 1164 et
1080 1114 1137 1164 in
1177 1114 1460 1165 consilium
1501 1115 1627 1166 talis
1670 1133 1918 1199 causa-15

154 1191 336 1255 potest
367 1187 583 1253 venire]
640 1186 722 1238 Ex
755 1186 1112 1238 translatione
1145 1187 1382 1239 criminis
1415 1206 1575 1239 causa
1601 1191 1827 1256 constat,
1862 1222 1916 1261 25

156 1279 274 1313 cum
314 1260 503 1312 fecisse
550 1278 649 1311 nos
695 1278 804 1311 non
843 1277 1126 1329 negamUS,
1182 1260 1274 1311 sed
1323 1260 1555 1312 aliorum
1594 1262 1826 1329 peccatis

155 1337 369 1386 coactos
415 1333 604 1385 fecisse
653 1333 896 1385 dicimus:
945 1336 1007 1384 ut
1047 1332 1287 1400 Orestes,
1328 1351 1448 1385 cum
1498 1351 1552 1385 se
1594 1334 1829 1386 defendit

153 1407 212 1458 in
250 1409 480 1458 matrem
521 1406 798 1458 conferens
839 1406 1054 1459 crimen.
1131 1405 1216 1457 Ex
1254 1407 1551 1458 remotione
1592 1407 1828 1458 criminis

154 1498 317 1532 causa
355 1482 590 1547 constat,
637 1497 758 1531 eum
798 1498 830 1530 a
868 1479 1024 1531 nobis
1063 1497 1173 1532 non
1213 1480 1434 1546 crimen,
1484 1480 1576 1531 sed
1616 1481 1830 1548 culpam

153 1553 330 1621 ipsam
364 1570 672 1604 amovemus
714 1555 767 1604 et
806 1553 891 1604 vel
929 1553 985 1604 in
1023 1552 1296 1604 hominem
1335 1553 1710 1605 transferimus
1743 1554 1829 1606 vel

155 1627 211 1677 in
259 1644 373 1677 rem
430 1626 738 1694 quampiam
791 1625 1128 1677 conferimus.
1212 1625 1278 1678 In
1330 1626 1603 1678 hominem
1659 1630 1830 1678 trans-

153 1699 340 1766 fertur,
380 1702 440 1750 ut
474 1699 519 1750 si
552 1701 830 1750 accusetur
861 1699 924 1764 is,
965 1699 1055 1766 qui
1087 1698 1144 1750 P.
1177 1696 1472 1766 Sulpicium
1507 1717 1561 1750 se
1593 1699 1830 1751 fateatur

155 1773 434 1837 occidisse,
475 1775 528 1823 et
566 1772 620 1823 id
659 1772 808 1823 iussu
849 1772 1130 1823 consulum
1171 1771 1423 1824 defendat
1463 1775 1517 1824 et
1557 1791 1646 1825 eos
1689 1773 1830 1824 dicat

153 1864 260 1898 non
299 1845 457 1898 modo
498 1845 809 1912 imperasse,
850 1846 941 1896 sed
973 1845 1238 1896 rationem
1272 1863 1483 1913 quoque
1517 1846 1829 1913 ostendisse,

155 1937 318 1987 quare
358 1918 413 1970 id
450 1918 625 1970 facere
666 1919 864 1970 liceret.
925 1917 990 1969 In
1027 1936 1140 1969 rem
1182 1918 1468 1987 confertur,
1508 1923 1569 1971 ut
1612 1919 1658 1970 si
1698 1919 1830 1987 quiS,

156 2011 218 2043 ex
264 1994 591 2044 testamento
649 1991 790 2059 quod
840 1991 1014 2043 facere
1062 1991 1238 2043 iussus
1289 1991 1381 2059 sit,
1437 2010 1500 2043 ex
1545 1992 1829 2059 plebiscito

153 2068 379 2117 vetetur.
441 2064 525 2116 Ex
557 2064 956 2132 comparatione
991 2082 1151 2116 causa
1183 2068 1411 2131 constat,
1453 2084 1572 2117 cum
1606 2065 1828 2117 dicimus

154 2155 369 2191 necesse
399 2137 566 2189 fuisse
599 2139 920 2190 alterutrum
951 2137 1140 2205 facere,
1174 2141 1227 2189 et
1258 2138 1326 2205 id,
1361 2138 1502 2206 quod
1533 2139 1828 2206 fecerimuS,

155 2212 325 2263 satius
363 2210 529 2262 fuisse
568 2210 757 2263 facere.
825 2211 908 2263 Ea
947 2229 1107 2263 causa
1145 2210 1452 2263 huiusmodi
1492 2214 1595 2263 est:
1641 2211 1694 2264 O.
1727 2212 1825 2263 Po·

154 2285 341 2353 pilius,
399 2303 520 2336 cum
568 2303 599 2337 a
647 2283 819 2336 Gallis
868 2285 1200 2336 obsideretur
1246 2303 1418 2353 neque
1472 2285 1658 2354 fugere
1716 2285 1827 2336 ullo

153 2358 310 2410 modo
351 2360 558 2426 posset,
604 2357 751 2409 venit
790 2376 910 2410 cum
949 2358 1187 2410 hostium
1229 2358 1450 2410 ducibus
1490 2358 1545 2408 in
1585 2358 1828 2410 conlocu-

154 2431 381 2498 tionem,
420 2430 498 2482 ita
530 2430 789 2498 discessit,
822 2435 882 2482 ut
904 2431 1287 2499 impedimenta
1310 2431 1654 2498 relinqueret,
1685 2448 1828 2483 exer-

155 2505 320 2556 citum
368 2504 626 2556 educeret.
716 2503 894 2556 Satius
954 2523 1069 2556 esse
1117 2504 1268 2556 duxit
1314 2504 1562 2555 amittere
1607 2504 1827 2571 impedi-

153 2581 336 2629 menta
362 2595 523 2644 quam
549 2577 861 2645 exercitum,
894 2578 1184 2629 exercitum
1217 2577 1411 2644 eduxit,
1444 2577 1827 2645 impedimenta

153 2651 395 2718 reliquit:
437 2650 724 2702 arcessitur
755 2651 1072 2703 maiestatis,
1143 2650 1288 2711 Quae
1321 2651 1732 2702 constitutiones
1774 2654 1826 2702 et
1847 2652 1913 2703 16

155 2741 290 2791 quae
354 2723 801 2776 constitutionum
854 2727 1036 2792 partes
1095 2723 1225 2790 sint,
1280 2723 1463 2775 videor
1517 2724 1824 2775 ostendisse.

152 2795 309 2849 Nunc
361 2814 464 2861 quo
518 2796 675 2848 modo
728 2815 816 2849 eas
873 2800 927 2848 et
983 2815 1087 2864 qua
1140 2796 1228 2848 via
1274 2797 1497 2849 tractari
1544 2797 1825 2849 conveniat

153 2869 628 2922 demonstrandum
654 2873 750 2938 est,
784 2870 830 2922 si
854 2870 1003 2937 prius
1033 2869 1397 2938 aperuerimus
1425 2869 1550 2938 quid
1578 2873 1823 2939 oporteat
