2080 3204
710 385 1167 446 ADNOTATIO
1216 385 1541 444 ORITICA.
1585 430 1587 433 .
1641 345 1645 348 ’

410 587 664 640 Librorum,
698 585 776 640 qui
801 585 866 627 ad
890 583 937 627 C.
963 583 1306 628 Herennium
1338 584 1499 639 scripti
1522 586 1641 640 sunt,
1675 586 1722 629 et
1748 584 1963 630 vetustis-

293 646 432 690 simos
471 648 519 689 et
557 645 755 700 optimos
796 643 975 687 codices
1016 655 1112 686 esse
1143 641 1645 698 Herbipolitanum
1685 643 1790 698 (H),
1829 642 1962 687 Ber-

291 718 516 750 nensem
547 718 590 747 n.
623 707 708 746 433
740 703 851 745 not.
886 702 971 756 (B),
1004 701 1321 745 Parisinum
1351 716 1394 744 n.
1430 705 1543 744 7714
1573 703 1684 746 not.
1719 702 1796 758 (P)
1824 701 1961 745 hodie

291 762 500 806 homines
533 760 657 805 docti
694 760 813 803 inter
852 773 900 804 se
933 760 1237 803 consentiunt.
1299 759 1460 814 Neque
1497 761 1656 803 tamen
1696 774 1800 803 cum
1837 759 1963 804 haud

291 821 449 877 paucis
489 819 603 863 locis
643 819 888 862 verborum
920 822 1133 874 expertes.
1161 818 1265 873 sint,
1305 818 1364 861 ad
1395 817 1593 862 auctoris
1623 818 1780 873 verba,
1810 819 1963 874 quoad

293 881 388 923 eius
412 878 509 922 fieri
531 879 702 934 potest,
732 878 1019 920 restituenda
1042 875 1287 920 sufficiunt.
1335 876 1497 931 Itaque
1529 876 1821 920 adhibuimus
1844 890 1869 920 e
1892 890 1962 921 re-

292 938 494 981 centiore
527 937 680 980 aetate
720 949 856 990 quem
897 935 1126 991 optimum
1163 935 1384 979 habemus
1415 934 1887 991 Bambergensem
1916 950 1961 980 n.

292 1001 376 1039 423
424 997 532 1038 not.
575 996 663 1050 (b),
701 996 801 1038 tum
839 994 1174 1037 Bernensem
1221 994 1463 1037 alterum
1501 993 1752 1037 codicem
1791 1009 1834 1038 n.
1876 999 1961 1038 469

292 1057 399 1098 not.
434 1056 510 1110 (β),
542 1053 621 1108 qui
644 1052 716 1095 illi
738 1053 944 1108 proxime
975 1052 1166 1105 accedit,
1197 1052 1264 1094 ita
1285 1054 1454 1106 tamen,
1486 1053 1553 1108 ut,
1584 1052 1750 1107 quibus
1775 1053 1825 1096 in
1847 1052 1962 1096 locis
1986 1097 1990 1101 ,

291 1112 642 1168 Bambergensis
681 1111 913 1154 deteriora
948 1111 1160 1166 praebet,
1190 1142 1193 1145 -
1211 1124 1304 1154 non
1342 1124 1445 1154 raro
1485 1110 1592 1154 huic
1633 1124 1737 1154 cum
1776 1111 1962 1167 optimis

292 1172 419 1215 libris
461 1169 716 1214 conveniat.
779 1169 857 1212 He
872 1169 1217 1224 rbipolitani
1262 1168 1476 1213 lectionis
1523 1168 1769 1222 varietate,
1825 1182 1962 1224 quam

291 1230 545 1274 Halmius
590 1228 708 1272 anal.
746 1227 944 1272 Tullian.
976 1226 1195 1271 fasciculo
1225 1227 1247 1270 I
1283 1226 1538 1281 Monaehii,
1562 1232 1692 1271 ,1852
1733 1230 1780 1271 et
1815 1227 1963 1283 Kay-

293 1303 452 1332 serus
483 1287 686 1331 editione
711 1286 896 1342 Lipsiae
923 1286 1182 1342 sumptibus
1206 1288 1253 1329 et
1275 1285 1398 1342 typis
1422 1284 1471 1327 B.
1507 1285 1558 1329 G.
1594 1285 1823 1330 Teubneri
1847 1290 1963 1331 1854

291 1350 454 1403 parata
490 1347 539 1390 in
585 1345 788 1389 medium
826 1344 1136 1400 protulerunt,
1181 1344 1453 1397 Parisini,
1502 1358 1641 1398 quam
1687 1345 1795 1388 ante
1841 1345 1962 1388 hunc

292 1406 553 1449 Baiterus
584 1403 812 1448 indicibus
841 1402 1091 1454 lectionum
1114 1402 1164 1446 in
1188 1402 1429 1446 academia
1455 1401 1690 1446 Turicensi
1714 1416 1754 1446 a.
1776 1402 1962 1461 1844s45

291 1463 556 1508 habitarum
577 1461 887 1519 praescripsit,
922 1462 1160 1505 Bamber
1169 1462 1361 1516 gensis
1388 1460 1558 1504 codicis
1583 1461 1794 1504 lectionis
1817 1461 1962 1505 varie-

291 1524 402 1578 tate,
438 1536 575 1578 quam
606 1524 701 1564 tres
731 1521 803 1564 illi
825 1534 906 1564 suo
931 1520 1123 1575 quisque
1153 1520 1271 1562 libro
1303 1519 1594 1572 addiderunt,
1625 1520 1694 1563 usi
1717 1519 1963 1564 Bernen-

294 1595 380 1624 ses
411 1581 524 1637 ipsi,
556 1579 766 1633 alterum,
807 1579 886 1633 qui
917 1579 1074 1622 littera
1105 1580 1132 1633 β
1162 1579 1363 1632 notatur,
1394 1578 1470 1621 vel
1499 1577 1636 1633 primi
1668 1579 1962 1621 excussimus.
2025 1588 2034 1598 ·
2078 1579 2080 1588 '

294 1640 405 1683 Cum
428 1652 536 1683 vero
563 1652 676 1693 quas
700 1637 977 1692 Kayserus
1009 1650 1034 1680 e
1066 1636 1222 1680 codice
1247 1635 1686 1691 Herbipolitano
1719 1636 1962 1680 adnotavit

291 1699 512 1742 lectiones
531 1697 588 1740 ab
613 1695 931 1739 Halmianis
956 1695 1138 1751 saepius
1156 1695 1450 1738 abhorrentes
1469 1693 1757 1747 vidissemus,
1782 1695 1840 1738 ab
1855 1696 1962 1738 An-

294 1757 427 1800 drea
457 1755 781 1808 Weidnero,
814 1767 951 1809 quem
982 1754 1104 1796 hunc
1135 1753 1342 1797 codicem
1373 1753 1523 1797 denuo
1555 1753 1804 1797 excussisse
1840 1765 1963 1797 com-

291 1828 572 1871 pereramus‚
597 1814 651 1856 ut
675 1815 961 1856 succurreret
982 1811 1253 1868 petivimus3
1280 1812 1329 1855 et
1350 1811 1488 1855 facile
1514 1811 1724 1867 contigit,
1748 1814 1801 1855 ut
1823 1812 1962 1856 homo

293 1873 373 1917 ille
415 1874 575 1916 doctus
605 1885 696 1915 non
733 1872 870 1914 modo
910 1884 1028 1926 quae
1068 1870 1314 1926 diligenter
1353 1883 1408 1913 ex
1445 1871 1534 1913 1100
1564 1871 1962 1925 praestantissimo

294 1932 450 1976 codice
492 1929 770 1982 contulerat,
811 1943 867 1972 ea
898 1929 1233 1985 suppeditaret,
1278 1928 1358 1972 sed
1398 1927 1559 1983 etiam,
1600 1942 1692 1983 qua
1729 1932 1801 1972 est
1836 1928 1962 1972 beni-

292 1990 493 2047 gnitate,
536 2002 650 2044 quas
697 1987 1034 2044 exemplaribus
1077 1987 1170 2030 suis
1211 1986 1520 2042 adscripserat
1558 1999 1638 2030 seu
1677 1987 1962 2030 coniecturas

294 2063 374 2092 seu
420 2047 784 2098 emendationes,
833 2046 986 2090 omnia
1036 2045 1227 2088 arbitrio
1272 2049 1428 2089 nostro
1474 2046 1775 2100 permitteret.
1837 2045 1964 2089 Haec

293 2107 574 2150 adnotantur
618 2105 1021 2148 Weidneriana
1065 2104 1225 2147 littera
1265 2103 1338 2146 W.
1409 2103 1581 2158 Ceteri,
1628 2117 1820 2158 quorum
1866 2104 1965 2147 edi—

293 2166 442 2209 tiones
459 2163 736 2220 perscrutati
761 2177 930 2216 sumus,
957 2163 1063 2205 sunt
1079 2161 1316 2217 Ernestius
1336 2162 1494 2217 (Ern.),
1521 2161 1790 2213 Schuetzius
1807 2162 1964 2218 (Seu),

296 2224 491 2268 Orellius
509 2225 556 2266 et
571 2222 782 2265 Baiterus
802 2220 973 2276 (Bait),
999 2220 1352 2272 Lindemannus‚
1376 2220 1600 2274 Klotzius,
1625 2220 1852 2276 Kayserus
1871 2222 1962 2276 (K).

296 2283 510 2326 Omnium
556 2280 786 2330 codicum,
810 2279 969 2334 lectiov
997 2279 1156 2323 littera
1196 2278 1250 2332 C,
1296 2278 1377 2322 ubi
1419 2278 1706 2333 quorundam
1743 2279 1964 2323 librorum

295 2341 432 2384 lectio
465 2340 672 2393 additur,
713 2341 969 2382 ceterorum
1002 2337 1227 2391 omnium,
1267 2336 1348 2391 qui
1385 2338 1568 2393 praeter
1598 2350 1676 2381 eos
1708 2337 1805 2382 sive
1838 2338 1964 2381 dete-

294 2400 425 2443 rioris
457 2398 553 2442 sive
585 2397 789 2441 melioris
821 2399 960 2440 notae
986 2398 1168 2440 exstant
1199 2395 1395 2449 codiceS,
1429 2399 1476 2439 et
1506 2407 1663 2439 eorum
1695 2398 1744 2439 et
1773 2396 1967 2451 vulgata
2009 2430 2013 2434 .

294 2459 432 2502 lectio
471 2458 628 2501 littera
660 2473 693 2499 ω
727 2456 984 2499 adnotatur.
1048 2449 1173 2507 Quae
1212 2454 1337 2510 prior
1367 2467 1527 2497 manus
1559 2454 1763 2508 scripsit,
1807 2453 1966 2498 littera

294 2517 418 2559 nuda
448 2518 529 2558 aut
557 2528 746 2558 numero
778 2513 928 2570 primo
960 2513 1206 2566 instructa,
1248 2525 1364 2567 quae
1387 2513 1556 2556 'altera
1585 2515 1667 2556 aut
1695 2512 1835 2556 tertia
1866 2525 1986 2556 cor-.

295 2575 427 2627 rexit,
458 2574 618 2617 iisdem
650 2571 852 2616 numeris
885 2584 1024 2627 supra
1054 2571 1301 2626 adscriptis
1333 2569 1660 2626 significamus.

412 2633 460 2676 P.
505 2638 542 2674 1.
593 2631 881 2686 Quamquam
927 2630 1038 2673 satis
1085 2631 1263 2673 constat
1307 2628 1449 2672 libros
1496 2629 1556 2672 ad
1602 2627 1647 2672 C.
1680 2627 1964 2672 Herennium

295 2690 488 2747 scriptos
521 2690 728 2733 Ciceroni
759 2688 1111 2743 abiudicandos,
1158 2687 1333 2731 homini
1363 2686 1546 2730 cuidam
1577 2687 1727 2740 docto,
1758 2687 1964 2731 nomina—

294 2748 380 2793 tim
420 2746 785 2802 CORNIFICIO,
826 2746 1134 2803 adsignandos
1172 2759 1266 2790 esse
1307 2745 1403 2799 (cfr.
1444 2744 1631 2800 Kayser.
1672 2745 1782 2791 edit.
1821 2744 1961 2801 prior.

294 2808 437 2864 praef.
469 2807 511 2863 l,
551 2807 829 2850 Bochmann.
873 2806 928 2849 de
961 2804 1194 2849 Cornificii
1237 2803 1437 2847 auctoris
1476 2804 1536 2846 ad
1566 2803 1846 2848 Herennium
1887 2803 1966 2858 qui

294 2869 486 2910 vocatur
515 2880 666 2910 rerum
698 2865 827 2908 Rom.
862 2864 1053 2907 scientia
1078 2862 1358 2906 Zwiccaviae
1385 2866 1497 2905 1875
1528 2875 1573 2918 p.
1600 2867 1638 2905 7.
1694 2861 1962 2905 Kroehnert.
