2080 3204
132 2754 199 2804 10

131 2829 185 2866 14

218 94 288 145 22
777 94 860 137 AD
892 94 938 138 C.
971 53 1339 138 HERENNIiJM

216 214 567 283 turpitudinis
608 214 830 280 adferat,
869 231 1038 280 neque
1068 216 1253 265 tamen
1283 213 1331 265 ei
1361 213 1566 267 rumori
1597 231 1694 265 nos
1726 212 1886 264 fidem

215 289 413 340 habere
454 289 709 354 dicemuS,
756 287 873 338 ideo
916 286 1057 354 quod
1097 287 1269 353 quivis
1319 305 1456 338 unus
1503 287 1665 340 homo
1711 287 1887 355 possit

218 362 460 430 quamvis
493 366 704 429 turpem
739 361 801 411 de
835 359 1076 426 quolibet
1108 377 1374 411 rumorem
1407 360 1646 428 proferre
1679 362 1733 411 et
1764 377 1887 411 con-

216 436 398 486 fictam
437 435 675 486 fabulam
717 433 989 500 dissipare.
1068 431 1455 485 Verumtamen
1493 433 1540 485 si
1577 451 1760 485 rumor
1799 449 1887 484 ve-

215 508 493 560 hementer
555 506 853 574 probabilis
925 523 1040 557 esse
1102 506 1392 573 videbitur,
1461 505 1886 575 argumentando
1932 525 1954 557 5

215 581 391 633 famae
430 581 590 631 fidem
623 580 918 647 poterimus
953 579 1229 647 abrogare.
1298 579 1451 639 Quod
1484 582 1537 631 et
1569 579 1887 631 difficillima

216 657 454 706 tractatu
494 656 575 704 est
607 652 920 704 constitutio
954 653 1328 705 coniecturalis
1362 656 1414 704 et
1455 653 1511 704 in
1540 653 1681 704 veris
1713 653 1886 705 causis

217 727 527 795 saepissime
567 726 851 778 tractanda
893 727 1042 794 [est],
1089 744 1150 778 eo
1192 726 1503 795 diligentius
1551 743 1734 777 omnes
1774 726 1886 778 eius

215 805 396 868 partes
437 799 763 868 perscrutati
803 818 1000 867 sumuS,
1039 803 1100 851 ut
1138 818 1204 851 ne
1244 800 1470 868 parvula
1511 799 1723 868 quidem
1761 799 1888 850 titu-

215 874 434 925 batione
461 876 554 924 aut
588 873 937 925 offensatione
962 873 1357 942 impediremur,
1390 874 1435 925 si
1468 873 1535 925 ad
1564 873 1703 925 hanc
1725 872 1887 925 ratio·
1914 892 1955 923 ιο

215 965 337 998 nem
377 946 771 1014 praeceptionis
813 947 1192 999 adsiduitatem
1241 946 1638 999 exercitationis
1681 947 1887 999 adcom-

215 1020 599 1073 modassemUS.
669 1019 825 1072 Nunc
858 1020 925 1072 ad
956 1021 1233 1090 legitimae
1265 1020 1666 1073 constitutionis
1705 1022 1887 1088 partes

214 1097 567 1146 transeamus.
661 1092 794 1145 Cum
849 1095 1098 1146 voluntas
1164 1095 1441 1164 scriptoris
1505 1112 1625 1147 cum
1687 1093 1888 1161 scripto

217 1168 471 1219 dissidere
525 1167 815 1234 videbitur,
865 1168 909 1219 si
965 1187 995 1219 a
1051 1169 1250 1237 scripto
1307 1169 1563 1234 dicemUS,
1618 1167 1702 1219 his
1756 1167 1889 1219 locis

214 1244 429 1293 utemur
462 1241 750 1294 secundum
781 1242 1167 1294 narrationem:
1203 1242 1437 1310 primum
1464 1240 1742 1309 scriptoris
1767 1259 1888 1293 con·
1914 1259 1955 1292 15

215 1315 547 1383 laudatione,
595 1315 781 1366 deinde
830 1315 1017 1384 scripti
1054 1316 1392 1383 recitatione,
1440 1315 1627 1367 deinde
1673 1332 1889 1382 percon-

215 1389 445 1456 tatione,
498 1389 782 1440 scierintne
829 1389 884 1439 id
935 1389 1227 1441 adversarii
1267 1389 1583 1458 discriptum
1628 1388 1797 1440 fuisse
1835 1387 1892 1439 in

217 1463 337 1531 lege
395 1465 488 1514 aut
551 1465 877 1515 testamento
942 1467 1035 1514 aut
1090 1463 1438 1530 stipulatione
1494 1465 1587 1515 aut
1649 1461 1892 1530 quolibet

218 1536 436 1603 scripto,
470 1536 611 1603 quod
647 1536 711 1587 ad
739 1554 855 1587 eam
881 1554 993 1587 rem
1019 1536 1325 1604 pertinebit,
1358 1536 1546 1588 deinde
1570 1535 1891 1602 conlatione,

218 1609 344 1676 quid
393 1609 652 1677 scriptum
701 1609 794 1677 sit,
843 1610 969 1677 quid
1018 1610 1311 1662 adversarii
1366 1628 1421 1662 se
1466 1609 1655 1662 fecisse
1696 1609 1890 1675 dicant,
1914 1627 1958 1659 20

218 1682 342 1749 quid
375 1682 601 1734 iudicem
629 1683 778 1751 sequi
803 1683 1099 1750 conveniat,
1132 1688 1311 1735 utrum
1335 1683 1404 1751 id,
1430 1682 1572 1751 quod
1604 1682 1891 1752 diligenter

215 1756 575 1824 perscriptum
616 1756 707 1823 sit,
756 1775 822 1808 an
869 1757 942 1824 id,
999 1757 1139 1825 quod
1187 1760 1339 1810 acute
1387 1758 1457 1808 sit
1505 1756 1891 1827 excogitatum3

218 1829 404 1881 deinde
437 1848 498 1881 ea
532 1830 814 1898 sententia,
856 1849 991 1898 quae
1024 1831 1090 1882 ab
1133 1831 1453 1883 adversariis
1486 1831 1558 1882 sit
1589 1829 1892 1899 excogitata

218 1906 272 1954 et
298 1903 497 1971 scripto
516 1904 795 1972 attributa,
821 1907 1191 1956 contemnetur
1209 1908 1262 1956 et
1278 1904 1654 1956 infirmabitur.
1685 1902 1890 1955 Deinde

219 1980 519 2045 quaeretur,
561 1977 687 2045 quid
727 1978 775 2029 ei
816 1978 1063 2046 obfuerit,
1103 1979 1149 2030 si
1189 1979 1242 2030 id
1282 1978 1544 2030 voluisset
1575 1977 1890 2043 adscribere,
1913 1994 1956 2027 25

219 2053 312 2100 aut
371 2068 501 2101 num
561 2069 670 2102 non
733 2052 969 2119 potuerit
1023 2052 1298 2120 perscribi.
1390 2051 1594 2104 Deinde
1649 2070 1681 2104 a
1727 2050 1888 2103 nobis

218 2124 485 2175 sententia
539 2124 836 2192 reperietur
898 2129 952 2176 et
1007 2144 1167 2177 causa
1227 2125 1556 2193 proferetur,
1619 2142 1782 2193 quare
1835 2123 1890 2175 id

220 2197 451 2264 scriptor
499 2198 747 2266 senserit,
800 2199 942 2266 quod
989 2199 1283 2267 scripserit3
1333 2203 1386 2251 et
1434 2197 1890 2251 demonstrabitur

219 2271 479 2338 scriptum
495 2271 631 2322 illud
650 2289 764 2323 esse
784 2271 1026 2339 dilucide,
1050 2273 1300 2339 breviter,
1326 2273 1617 2341 commode,
1641 2271 1890 2341 perfecte,

217 2361 337 2395 cum
377 2344 586 2396 ratione
627 2348 785 2397 certa.
848 2344 1052 2398 Deinde
1085 2347 1328 2415 exempla
1359 2347 1717 2416 proferentur,
1754 2362 1890 2413 quae
1913 2360 1956 2394 30

216 2434 315 2484 reS,
349 2436 468 2469 cum
494 2419 561 2470 ab
589 2419 910 2471 adversariis
938 2421 1204 2472 sententia
1229 2423 1282 2471 et
1306 2421 1556 2472 voluntas
1576 2419 1889 2485 adferretur,

217 2489 283 2541 ab
334 2491 534 2560 scripto
581 2493 761 2559 potius
809 2493 1073 2546 iudicatae
1122 2494 1243 2546 sint.
1319 2494 1524 2546 Deinde
1564 2492 1888 2559 ostendetur,

217 2581 378 2630 quam
409 2565 768 2633 periculosum
799 2567 869 2618 sit
900 2567 967 2619 ab
994 2567 1193 2636 scripto
1226 2567 1485 2620 recedere.
1546 2566 1716 2619 Locus
1752 2583 1890 2618 com-

215 2637 392 2688 munis
436 2642 517 2689 est
566 2643 753 2691 contra
800 2658 942 2709 eum,
992 2641 1104 2709 qui,
1152 2659 1269 2692 cum
1316 2641 1553 2693 fateatur
1599 2658 1655 2692 se
1703 2642 1890 2692 contra

216 2710 358 2776 quod
397 2711 607 2780 legibus
642 2716 888 2765 sanctum
921 2717 1014 2766 aut
1052 2717 1378 2767 testamento
1411 2714 1770 2783 perscriptum
1803 2712 1888 2779 sit,
1912 2725 1955 2760 35

215 2782 419 2851 iecisse,
450 2788 633 2837 tamen
655 2786 788 2838 facti
820 2790 1043 2855 quaerat
1076 2787 1452 2840 defensionem.
1512 2787 1597 2839 Ab
1623 2784 1889 2839 sententia

217 2874 290 2908 sm
341 2857 596 2910 dicemus:
648 2859 888 2912 Primum
936 2861 1275 2913 laudabimus
1334 2861 1611 2930 scriptoris
1660 2877 1888 2913 commo-
