2080 3204
575 51 754 95 LIBER
783 51 859 97 IV.
926 51 1052 97 CAP.
1088 58 1212 98 6—8.
1277 58 1301 107 ς
1333 59 1491 98 9—11.
1809 55 1873 106 71

201 173 338 243 quod
376 173 433 225 in
473 172 692 225 dicendo
734 173 924 225 leviter
956 190 1093 224 unus
1126 172 1347 241 quisque
1380 173 1528 226 locus
1560 174 1875 243 plerumque

199 247 459 317 tangitur,
510 265 576 298 ne
625 264 712 298 ars
762 249 1041 316 appareat,
1092 246 1149 298 in
1196 246 1570 315 praecipiendo
1628 265 1874 316 expresse

200 320 502 388 conscripta
533 338 732 389 ponere
759 323 973 389 oportet
998 320 1255 389 exempla,
1287 320 1368 371 uti
1398 320 1455 372 in
1487 320 1620 372 artis
1645 321 1874 373 formam

199 395 476 447 convenire
521 394 733 462 possint
781 396 872 460 [,et
919 397 1044 462 post
1083 394 1140 444 in
1180 393 1421 460 dicendo,
1468 412 1534 446 ne
1574 395 1749 463 possit
1788 413 1874 447 ars

153 468 428 520 5eminere
469 470 522 519 et
562 468 630 519 ab
675 467 922 520 omnibus
969 467 1160 534 videri,
1206 467 1466 519 facultate
1514 469 1744 520 oratoris
1794 487 1876 521 oc-

197 541 470 606 cultatur].
509 540 658 611 Ergo
701 540 864 593 etiam
902 543 963 591 ut
1002 540 1176 609 magis
1219 559 1306 592 ars
1347 544 1724 609 cognoscatur,
1766 542 1874 594 suis

197 614 453 683 exemplis
502 615 691 667 melius
733 618 816 666 est
854 614 948 666 uti.
1025 613 1305 666 Postremo
1351 614 1484 668 haee
1534 634 1743 684 quoque
1791 634 1875 668 res

193 706 291 740 nos
348 688 498 740 duxit
559 689 625 740 ad
679 689 817 741 hanc
878 686 1167 754 rationem,
1223 688 1362 755 quod
1416 690 1637 741 nomina
1697 708 1877 741 rerum

196 761 400 814 Graeca
447 762 830 814 convertimus:
878 779 941 813 ea
987 764 1197 814 remota
1244 764 1369 813 sunt
1408 781 1439 814 a
1480 764 1876 816 consuetudine.

133 848 170 880 10
196 835 341 898 Quae
382 836 523 887 enim
562 854 647 888 res
688 835 828 904 apud
865 838 1081 887 nostros
1120 853 1229 887 non
1268 838 1436 902 erant,
1475 854 1660 888 earum
1698 855 1876 889 rerum

193 909 413 962 nomina
450 927 559 962 non
597 911 849 978 poterant
897 926 1011 960 esse
1058 908 1275 960 usitata.
1350 908 1499 978 Ergo
1551 911 1681 962 haec
1730 929 1877 979 aspe-

194 983 338 1035 riora
370 983 544 1052 primo
570 983 851 1035 videantur
881 1000 1095 1034 necesse
1128 985 1224 1050 est,
1255 982 1310 1034 id
1342 983 1482 1051 quod
1513 983 1605 1035 fiet
1644 984 1737 1050 rei,
1768 1003 1877 1036 non

192 1060 382 1108 nostra
414 1057 748 1109 difficultate.
788 1056 1077 1124 Reliquum
1111 1056 1408 1125 scripturae
1442 1061 1787 1110 consumetur
1820 1059 1876 1109 in

195 1131 475 1200 exemplis:
528 1130 660 1183 haee
708 1130 883 1182 aliena
930 1130 975 1182 si
1021 1130 1403 1199 posuissemuS,
1456 1130 1660 1183 factum
1721 1135 1877 1197 esset,

128 1216 170 1249 15
193 1207 270 1272 ut,
310 1204 452 1272 quod
492 1204 758 1256 commodi
799 1207 939 1256 esset
979 1205 1036 1255 in
1073 1204 1175 1256 hoc
1207 1204 1363 1272 libro,
1403 1204 1456 1255 id
1488 1208 1736 1257 nostrum
1768 1224 1878 1257 non

194 1281 356 1345 esset,
397 1278 538 1345 quod
579 1277 817 1346 asperius
861 1279 937 1342 [et
975 1277 1335 1344 inusitatum],
1373 1278 1427 1329 id
1465 1279 1682 1347 proprie
1720 1279 1876 1331 nobis

193 1351 591 1404 attribueretur.
639 1351 787 1420 Ergo
813 1351 951 1403 hanc
976 1369 1185 1419 quoque
1209 1351 1711 1404 incommoditatem
1740 1352 1877 1421 fugi-

192 1442 327 1477 muS.
377 1424 478 1476 His
520 1426 583 1477 de
609 1426 799 1493 causiS,
833 1443 953 1478 cum
986 1425 1118 1476 artis
1151 1425 1512 1477 inventionem
1549 1425 1876 1479 Graecorum

191 1499 588 1567 probassemus,
628 1499 996 1568 exemplorum
1027 1499 1295 1551 rationem
1336 1499 1506 1552 secuti
1535 1518 1645 1552 non
1677 1518 1875 1552 sumus

127 1586 171 1617 20
341 1571 498 1625 Nunc
552 1576 766 1641 tempus
822 1573 1088 1641 postulat,
1142 1576 1206 1624 ut
1259 1573 1326 1625 ad
1366 1573 1683 1626 elocutionis
1722 1592 1876 1643 prae-

193 1649 349 1715 cepta
373 1649 725 1698 transeamus,
766 1644 1035 1714 Bipertita
1059 1646 1227 1716 igitur
1252 1647 1353 1698 erit
1375 1647 1532 1699 nobis
1560 1648 1875 1700 elocutionis

191 1720 514 1788 praeceptio.
575 1718 818 1771 Primum
847 1720 1097 1788 dicemUS,
1131 1720 1322 1787 quibus
1355 1721 1411 1772 in
1443 1722 1726 1790 generibus
1759 1740 1877 1773 ver-

191 1794 384 1845 borum
440 1812 651 1862 semper
707 1793 880 1845 omnis
937 1794 1175 1846 oratoria
1231 1794 1460 1847 elocutio
1515 1795 1704 1846 debeat
1743 1813 1876 1863 esse3

193 1867 378 1919 deinde
435 1867 801 1935 ostendemUS,
858 1885 989 1935 quas
1037 1885 1121 1919 res
1171 1886 1381 1937 semper
1428 1868 1626 1920 habere
1669 1869 1873 1921 debeat.

124 1953 168 1986 25
193 1939 329 1993 Sunt
381 1940 549 2010 igitur
610 1941 717 1994 tria
780 1959 996 2010 genera,
1067 1959 1202 2009 quae
1269 1959 1465 2010 genera
1518 1960 1616 1994 nos
1670 1943 1873 2010 figuras

193 2014 551 2083 appellamuS,
597 2015 654 2066 in
701 2016 894 2082 quibus
943 2016 1117 2067 omnis
1159 2016 1331 2068 oratio
1371 2034 1481 2068 non
1519 2016 1717 2068 vitiosa
1756 2034 1875 2068 con-

193 2088 445 2140 sumitur:
493 2107 655 2140 unam
696 2106 941 2159 gravem,
988 2089 1216 2141 alteram
1264 2090 1610 2158 mediocrem,
1656 2091 1876 2142 tertiam

194 2164 536 2213 extenuatam
597 2180 865 2215 vocamus
944 2161 1134 2216 Gravis
1192 2166 1295 2232 est,
1353 2182 1487 2232 quae
1543 2167 1757 2216 constat
1813 2182 1876 2215 ex

191 2235 477 2288 verborum
533 2236 775 2304 gravium
829 2241 882 2288 et
943 2237 1048 2288 levi
1106 2240 1160 2290 et
1215 2240 1407 2290 ornata
1462 2237 1874 2290 constructione.

128 2324 171 2355 30
195 2308 481 2361 Mediocris
516 2313 619 2377 est,
659 2327 792 2378 quae
826 2313 1041 2363 constat
1075 2329 1138 2362 ex
1166 2311 1456 2363 humiliore
1489 2329 1659 2380 neque
1692 2313 1876 2363 tamen

194 2401 257 2434 ex
295 2383 481 2434 infima
521 2385 575 2435 et
605 2384 1080 2452 pervulgatissima
1111 2389 1396 2437 verborum
1431 2384 1711 2453 dignitate.
1781 2384 1877 2436 At-

192 2459 414 2508 tenuata
454 2459 549 2523 est,
588 2474 723 2524 quae
763 2457 994 2510 demissa
1035 2461 1117 2510 est
1155 2477 1321 2526 usque
1363 2458 1428 2511 ad
1461 2458 1874 2510 usitatissimam

192 2530 313 2598 puri
354 2530 792 2582 consuetudinem
833 2533 1110 2586 sermonis,

340 2603 404 2655 In
438 2604 589 2673 gravi
623 2609 967 2658 consumetur
1008 2606 1182 2658 oratio
1224 2605 1410 2674 figura,
1444 2605 1503 2672 si,
1538 2624 1671 2674 quae
1706 2606 1874 2658 cuius-

126 2689 168 2723 35
195 2695 295 2746 que
335 2677 413 2729 rei
452 2681 708 2746 poterunt
749 2680 1095 2731 ornatissima
1134 2680 1300 2731 verba
1332 2679 1570 2748 reperiri,
1611 2680 1723 2732 sive
1755 2698 1875 2749 pro·

192 2751 311 2819 pria
353 2751 463 2802 sive
505 2754 774 2820 extranea,
815 2753 881 2805 ad
920 2772 1082 2805 unam
1123 2771 1387 2821 quamque
1428 2772 1540 2806 rem
1575 2753 1874 2805 adcommo-

194 2825 487 2892 dabuntur,
528 2828 580 2876 et
621 2825 667 2877 si
707 2842 897 2894 graves
939 2827 1259 2896 sententiae,
1311 2845 1444 2895 quae
1483 2828 1541 2880 in
1582 2827 1873 2896 amplifica-

1894 1915 1925 1967 8

1911 1991 1957 2029 11
