2075 3235
234 285 391 350 putes
433 280 745 332 inimicitias
787 296 906 331 cum
946 277 1048 328 fide
1087 277 1285 328 habere
1325 277 1521 346 posse?
1562 281 1655 330 aut
1686 276 1776 345 qui
1806 276 1913 346 pri-

237 360 394 406 vatus
434 352 762 405 intolerabili
803 350 1050 419 superbia
1091 348 1281 417 fuerit,
1321 367 1441 402 eum
1481 350 1819 402 commodum
1859 352 1913 401 et

238 430 649 495 cognoscentem
700 424 780 476 sui
826 424 941 475 fore
988 423 1044 474 in
1089 426 1359 490 potestate
1409 423 1523 492 [qui
1569 423 1809 492 speres?]
1859 426 1913 474 et

236 161 306 214 82
802 157 884 202 AD
917 158 962 202 C.
995 155 1363 201 HERENNIUM
1989 0 2045 232 1

2019 230 2041 289 ἱ

2015 297 2041 366 5³³

2016 346 2041 454 ξ

240 501 330 569 qui
361 502 418 552 in
456 497 789 551 sermonibus
816 500 868 548 et
892 499 1157 548 conventu
1183 495 1477 548 amicorum
1508 514 1692 548 verum
1718 494 1913 548 dixerit
2016 479 2040 598 ,ἐ

2016 598 2039 701 ’1

237 591 554 641 numquam,
612 589 731 622 eum
780 569 883 621 sibi
929 569 985 620 in
1037 569 1375 621 contionibus
1424 569 1638 634 [credis]
1688 588 1720 620 a
1769 587 1910 620 men·
1956 582 1977 615 5
2018 622 2028 639 ἶ

239 647 388 698 dacio
437 641 915 712 temperaturum‘?'
992 641 1153 694 Item:
1202 640 1365 702 ‘Quos
1407 660 1470 694 ex
1509 642 1737 694 collibus
1779 641 1912 693 deie-

238 720 427 785 cimUS,
483 735 602 769 cum
649 716 715 768 iis
763 716 819 768 in
867 733 1055 784 campo
1103 715 1390 767 metuimus
1442 714 1732 767 dimicare?
1810 713 1912 775 Qui

239 809 356 843 cum
383 791 565 859 plures
600 793 767 856 erant,
798 789 982 857 paucis
1013 788 1170 840 nobis
1198 788 1481 857 exaequari
1511 807 1620 841 non
1644 791 1912 857 poterant,

236 865 301 932 ii,
340 867 629 933 postquam
667 862 943 931 pauciores
986 865 1124 928 sunt,
1165 861 1476 929 metuimuS,
1514 879 1580 913 ne
1621 861 1730 913 sint
1762 878 1912 930 supe-

152 956 206 995 26
240 936 463 989 riores?'
541 937 659 988 Hoc
708 935 967 988 orationis
1008 952 1174 1004 genus
1221 935 1455 987 breviter
1495 938 1548 987 et
1587 933 1912 987 continuatis
1937 949 2007 1000 10⁴

237 1010 415 1063 verbis
455 1009 754 1078 perfectum
787 1009 944 1061 debet
983 1026 1120 1075 esse3
1163 1009 1260 1073 [et]
1303 1027 1422 1060 cum
1454 1007 1791 1060 commodum
1830 1011 1913 1059 est
2032 1011 2036 1014 ’

238 1084 422 1136 auditu
454 1087 675 1151 propter
707 1083 925 1134 brevem
957 1084 1011 1133 et
1044 1082 1350 1134 absolutam
1375 1081 1772 1134 conclusionem
1795 1084 1913 1132 tum

237 1175 362 1209 vero
396 1157 753 1222 vehementer,
794 1155 847 1206 id
880 1155 1019 1223 quod
1053 1173 1185 1223 opus
1219 1160 1301 1207 est
1342 1155 1558 1223 oratori,
1597 1155 1914 1224 comprobat

238 1230 511 1282 contraria
550 1248 607 1281 re
648 1233 701 1280 et
741 1247 804 1281 ex
844 1246 928 1295 e0,
970 1228 1111 1296 quod
1151 1227 1370 1280 dubium
1408 1247 1518 1281 non
1557 1232 1660 1296 est,
1700 1227 1913 1297 expedit
2009 1279 2012 1282 ,

236 1303 386 1371 illud,
427 1302 568 1372 quod
607 1305 688 1354 est
727 1302 962 1368 dubium,
1001 1305 1061 1352 ut
1104 1302 1240 1368 [aut]
1284 1301 1414 1353 dilui
1450 1320 1561 1354 non
1598 1301 1775 1371 possit
1820 1305 1912 1353 aut
1935 1315 1978 1348 15

240 1378 408 1429 multo
451 1375 767 1427 difficillime
806 1375 994 1443 possit.
2018 1376 2030 1382 ”

154 1452 219 1503 19
386 1449 689 1501 Membrum
730 1448 987 1500 orationis
1029 1448 1334 1516 appellatur
1372 1466 1457 1500 res
1491 1448 1726 1501 breviter
1757 1448 1911 1500 abso·

238 1524 355 1575 luta
388 1523 500 1574 sine
533 1522 702 1574 totius
735 1521 1032 1573 sententiae
1066 1520 1537 1589 demonstratione,
1571 1539 1705 1590 quae
1739 1521 1910 1574 denuo

239 1597 345 1648 alio
387 1595 627 1647 membro
677 1594 935 1646 orationis
985 1594 1267 1662 excipitur,
1316 1594 1416 1646 1100
1457 1594 1637 1646 modo:
1684 1593 1778 1646 ‘Et
1815 1593 1912 1646 ini-

238 1669 374 1721 mico
415 1666 704 1737 proderas.'
773 1666 835 1718 Id
868 1670 948 1718 est
987 1685 1168 1734 unum,
1209 1667 1350 1735 quod
1383 1668 1715 1736 appellamus
1749 1685 1910 1720 mem-
1934 1683 1976 1714 20

238 1743 415 1808 brum3
448 1741 634 1792 deinde
659 1741 761 1792 hoe
786 1739 1081 1809 excipiatur
1107 1744 1320 1808 oportet
1346 1741 1538 1793 altero:
1565 1740 1657 1793 ‘Et
1683 1740 1912 1794 amicum

237 1813 523 1867 laedebas?
601 1813 683 1865 Ex
731 1814 935 1866 duobus
987 1813 1241 1865 membris
1290 1814 1399 1866 suis
1455 1813 1586 1866 haec
1634 1814 1910 1868 exornatio

237 1893 419 1958 potest
471 1891 739 1954 constare3
791 1887 882 1939 sed
931 1887 1363 1939 commodissima
1411 1891 1464 1939 et
1510 1887 1912 1940 absolutissima

239 1965 343 2028 est,
393 1979 526 2029 quae
575 1979 637 2012 ex
676 1960 850 2012 tribus
892 1963 1127 2027 constat,
1176 1960 1277 2012 hoc
1323 1963 1509 2028 pacto:
1557 1959 1650 2013 ‘Et
1694 1960 1910 2014 inimico

237 2034 492 2102 proderas
534 2038 586 2085 et
626 2034 855 2085 amicum
894 2033 1143 2085 laedebas
1184 2036 1237 2085 et
1276 2033 1378 2084 tibi
1415 2052 1526 2086 non
1557 2033 1908 2088 consulebas?
1935 2048 1978 2082 25

237 2107 399 2159 Item:
448 2105 578 2158 ‘Nec
625 2107 702 2158 rei
748 2106 995 2174 publicae
1044 2106 1362 2158 consuluisti
1408 2125 1506 2159 nec
1561 2107 1746 2160 amicis
1793 2125 1912 2177 pro—

237 2180 391 2232 fuisti
429 2198 527 2232 nec
565 2179 798 2231 inimicis
839 2178 1123 2233 restitisti?

385 2253 660 2305 Articulus
709 2252 926 2319 dicitur,
972 2271 1091 2304 cum
1144 2253 1357 2321 singula
1403 2254 1569 2306 verba
1610 2254 1910 2307 intervallis

240 2326 643 2396 distinguuntur
683 2343 837 2378 caesa
875 2325 1138 2392 oratione,
1184 2325 1287 2378 1100
1334 2327 1513 2379 modo:
1566 2325 1910 2395 ‘Acrimonia,

238 2418 380 2465 voce,
419 2401 572 2451 vultu
607 2398 986 2464 [adversarios]
1019 2399 1372 2467 perterruisti.
1433 2399 1594 2453 Item:
1635 2399 1908 2454 ‘Inimicos
1933 2416 1977 2448 30

237 2473 462 2540 invidia,
515 2472 748 2539 iniuriis,
794 2471 1061 2540 potentia,
1107 2472 1329 2540 perfidia
1380 2472 1684 2526 sustulisti?
1759 2473 1910 2526 Inter

238 2545 395 2596 huius
451 2545 658 2614 generis
715 2549 769 2597 et
821 2544 967 2596 illius
1016 2545 1304 2613 superioris
1359 2546 1754 2598 vehementiam
1807 2546 1909 2600 1100

238 2618 484 2670 interest:
525 2618 660 2671 illud
700 2617 905 2671 tardius
947 2620 1000 2669 et
1039 2618 1213 2670 rarius
1253 2619 1413 2687 venit,
1451 2619 1554 2672 hoc
1586 2619 1823 2672 crebrius
1841 2624 1911 2683 ,et

239 2691 462 2743 celerius
494 2691 755 2760 pervenit.
831 2690 1020 2760 Itaque
1060 2691 1116 2742 in
1154 2691 1250 2744 illo
1293 2710 1486 2762 genere
1520 2711 1584 2745 ex
1613 2692 1908 2746 remotione

240 2764 447 2815 brachii
501 2769 553 2816 et
607 2764 944 2816 contentione
1000 2763 1247 2816 dexterae
1308 2765 1520 2834 gladius
1583 2765 1650 2818 ad
1713 2784 1906 2834 corpus
1931 2780 1975 2812 35

241 2836 458 2904 adferri,
496 2837 552 2888 in
590 2837 691 2890 1100
731 2841 909 2890 autem
949 2837 1133 2889 crebro
1175 2842 1228 2890 et
1260 2838 1420 2891 celeri
1459 2857 1650 2908 corpus
1690 2839 1908 2891 vulnere

240 2909 569 2962 consauciari
608 2911 829 2963 videtur.
