2075 3235
159 122 214 162 59
561 113 744 158 LIBER
775 113 829 158 11.
893 113 1020 158 CAP.
1057 118 1183 159 1-2.
1240 118 1263 167 ξ
1299 118 1426 157 1-5,
1737 114 1843 166 175

158 236 332 303 vobiS,
379 238 441 287 ut
487 236 697 286 mutum
748 235 804 286 in
844 234 1190 286 simulacrum
1231 250 1295 284 ex
1336 233 1558 285 animali
1599 235 1840 302 exemplo

157 310 355 363 veritas
417 306 811 359 transferatur?
905 306 1042 358 Tum
1100 305 1445 358 Crotoniatae
1507 306 1724 375 publico
1780 307 1841 358 de
1874 325 1899 363 3

157 382 379 437 consilio
405 380 645 449 virgines
670 400 837 433 unum
867 380 922 431 in
954 380 1132 432 locum
1165 379 1532 432 conduxerunt
1565 382 1619 430 et
1649 379 1844 448 pictori

157 474 318 526 quam
357 454 521 507 vellet
561 454 795 524 eligendi
826 456 1155 522 potestatem
1195 453 1467 505 dederunt.
1529 453 1629 505 Ille
1663 456 1844 505 autem

111 544 131 576 5
157 529 389 598 quinque
430 527 650 597 delegit3
694 545 919 597 quarum
958 527 1178 578 nomina
1217 526 1377 578 multi
1410 529 1603 595 poetae
1643 544 1839 579 memo-

152 603 264 655 riae
310 601 684 670 prodiderunt,
741 600 882 671 quod
933 601 1048 652 eius
1097 603 1276 652 essent
1321 600 1518 652 iudicio
1567 599 1844 669 probatae,

155 675 248 744 qui
278 675 656 744 pulcritudinis
681 674 882 726 habere
907 673 1248 726 verissimum
1274 673 1531 726 iudicium
1556 674 1844 726 debuisset.

153 748 341 818 Neque
398 749 538 800 enim
593 748 806 818 putavit
861 747 1062 816 omnia,
1119 765 1254 816 quae
1311 751 1591 816 quaereret
1647 747 1714 799 ad
1761 765 1844 799 ve·

152 825 442 890 nustatem,
481 840 588 874 uno
623 840 679 874 se
711 822 767 874 in
800 839 1023 890 corpore
1055 820 1289 889 reperire
1326 838 1485 889 posse
1526 820 1661 889 ideo,
1702 820 1844 889 quod

88 911 130 943 10
153 895 290 948 nihil
348 895 582 964 simplici
633 896 691 948 in
747 912 939 964 genere
995 894 1243 946 omnibus
1305 912 1367 946 ex
1421 894 1668 962 partibus
1725 912 1843 963 per-

152 969 352 1023 fectum
383 975 579 1022 natura
612 968 884 1038 expolivit.
947 967 1155 1038 Itaque,
1194 970 1475 1037 tamquam
1509 968 1701 1020 ceteris
1734 985 1844 1020 non

155 1043 226 1096 sit
265 1043 520 1095 habitura
560 1043 702 1112 quod
741 1042 1021 1111 largiatur,
1063 1043 1108 1094 si
1146 1041 1238 1093 uni
1273 1044 1465 1094 cuncta
1504 1041 1845 1109 concesserit,

155 1116 300 1170 aliud
361 1117 452 1168 alii
499 1116 766 1170 commodi
813 1117 993 1185 aliquo
1044 1115 1295 1168 adiuncto
1344 1115 1684 1168 incommodo
1734 1133 1845 1167 mu·

154 1193 394 1243 neratur.
1278 1240 1282 1244 .

87 1276 128 1310 15
302 1262 454 1325 Quod
505 1264 759 1332 quoniam
810 1263 968 1316 nobis
1027 1281 1237 1332 quoque
1283 1263 1579 1316 voluntatis
1638 1232 1912 1347 accidit,{

153 1341 214 1391 ut
262 1340 435 1390 artem
483 1337 692 1390 (licendi
737 1337 1211 1405 perscriberemUS,
1262 1355 1374 1389 non
1420 1355 1584 1389 unum
1626 1335 1847 1404 aliquod

151 1411 532 1481 proposuimus
575 1411 892 1479 exemplum,
941 1410 1089 1463 cuius
1131 1428 1315 1462 omnes
1355 1413 1554 1480 parteS,
1597 1428 1846 1478 quocum-

154 1504 257 1554 que
305 1488 486 1537 essent
532 1486 589 1536 in
638 1501 855 1554 genere,
912 1484 1289 1553 exprimendae
1336 1484 1494 1537 nobis
1545 1483 1847 1536 necessarie

153 1559 482 1626 viderentur3
515 1558 622 1626 sed,
649 1558 895 1610 omnibus
921 1577 1086 1610 unum
1111 1558 1170 1610 in
1193 1559 1370 1610 locum
1397 1557 1596 1610 coactis
1624 1557 1847 1626 scripto-

88 1646 130 1679 20
155 1633 328 1702 ribus,
385 1632 527 1701 quod
583 1631 809 1700 quisque
864 1631 1296 1684 commodissime
1351 1632 1659 1701 praecipere
1708 1631 1847 1682 vide-

154 1707 337 1775 batur,
389 1706 751 1775 excerpsimus
799 1709 852 1758 et
901 1724 964 1758 ex
1010 1706 1175 1758 variis
1222 1705 1455 1775 ingeniis
1507 1704 1847 1758 excellentis-

155 1780 295 1833 sima
336 1798 577 1849 quaeque
617 1779 922 1832 libavimus.
983 1779 1066 1831 Ex
1098 1779 1164 1832 iis
1207 1780 1363 1848 enim,
1405 1779 1497 1848 qui
1534 1778 1753 1831 nominc
1794 1781 1848 1831 et

155 1854 416 1907 memoria
450 1853 599 1923 digni
631 1857 771 1921 sunt,
810 1871 907 1906 nec
937 1853 1075 1905 nihil
1110 1854 1313 1923 optime
1344 1872 1442 1906 nec
1475 1852 1656 1906 omnia
1694 1870 1845 1921 prae-

155 1928 457 1981 clarissime
484 1927 769 1996 quisquam
796 1927 968 1979 dicere
982 1927 1139 1980 nobis
1158 1927 1458 1980 videbatur.
1506 1926 1848 1995 Quapropter

88 2016 130 2049 25
157 2002 394 2054 stultitia
425 2000 543 2055 visa
575 2004 657 2053 est
690 2004 784 2053 aut
817 2020 849 2053 a
879 2002 1014 2054 bene
1046 2001 1278 2053 inventis
1320 2001 1546 2054 alicuius
1586 2000 1847 2068 recedere,

156 2076 202 2128 si
250 2094 354 2144 quo
402 2076 459 2126 in
504 2075 639 2127 vitio
689 2074 801 2127 eius
843 2075 1256 2143 offenderemur,
1306 2077 1399 2128 aut
1448 2075 1513 2127 ad
1560 2074 1694 2126 vitia
1735 2073 1846 2126 eius

156 2167 368 2220 quoque
417 2149 687 2216 accedere,
742 2149 890 2203 cuius
948 2149 1129 2218 aliquo
1177 2149 1314 2201 bene
1360 2151 1649 2218 praecepto
1699 2147 1848 2199 duce-

155 2241 349 2276 remur.
414 2221 616 2283 Quodsi
654 2222 711 2274 in
750 2223 941 2276 ceteris
984 2241 1194 2292 quoque
1237 2223 1426 2275 studiis
1469 2242 1499 2274 a
1540 2221 1725 2273 multis
1760 2221 1847 2272 eli-
1879 2237 1908 2276 5

157 2315 283 2367 gere
314 2297 559 2349 homines
593 2297 1091 2349 commodissimum
1126 2297 1372 2366 quidque,
1413 2314 1573 2365 quam
1607 2313 1722 2347 sese
1755 2294 1849 2346 uni

89 2386 133 2418 30
157 2370 320 2423 alicui
366 2373 508 2422 certe
554 2370 759 2422 vellent
810 2371 1077 2439 addicere,
1131 2371 1308 2422 minus
1364 2370 1421 2421 in
1469 2369 1849 2439 adrogantiam

74 2466 97 2516 ὲ
158 2444 509 2512 offenderent3
554 2461 664 2496 non
709 2447 864 2497 tanto
914 2463 1074 2514 opere
1119 2444 1177 2496 in
1223 2444 1371 2497 vitiis
1418 2445 1848 2512 perseverarent3

158 2518 436 2587 aliquanto
485 2517 655 2569 levius
705 2536 766 2570 ex
813 2518 1097 2571 inscientia
1144 2519 1470 2570 laborarent.
1546 2516 1626 2570 Ac
1667 2516 1713 2568 si
1751 2534 1850 2585 par

156 2593 213 2644 in
266 2591 424 2644 nobis
477 2591 637 2643 huius
697 2591 830 2644 artis
878 2596 1039 2661 atque
1085 2592 1144 2643 in
1189 2592 1284 2644 illo
1332 2591 1575 2660 picturae
1624 2589 1850 2642 scientia

155 2665 374 2734 fuisset,
418 2664 650 2717 fortasse
699 2666 874 2736 magis
921 2666 1024 2719 hoc
1070 2666 1127 2717 in
1177 2684 1273 2718 suo
1326 2683 1520 2734 genere
1571 2683 1705 2733 opus
1756 2667 1848 2715 no-

91 2754 134 2787 35
159 2743 354 2807 strum,
417 2757 576 2808 quam
629 2738 777 2791 illius
831 2739 889 2793 in
943 2758 1038 2793 suo
1094 2739 1306 2808 pictura
1356 2738 1557 2791 nobilis
1607 2737 1848 2790 eniteret.

157 2812 241 2865 Ex
286 2813 491 2865 maiore
540 2812 682 2865 enim
722 2813 877 2882 copia
914 2813 1071 2866 nobis
1115 2831 1275 2882 quam
1314 2812 1398 2864 illi
1435 2813 1542 2864 fuit
1582 2811 1849 2880 exemplo-

156 2905 279 2940 rum
332 2886 568 2957 eligendi
621 2889 880 2956 potestas,
963 2887 1066 2939 Ille
1120 2905 1228 2939 una
1284 2905 1347 2938 ex
1392 2886 1524 2938 urbe
1574 2889 1627 2938 et
1676 2903 1739 2937 ex
1786 2900 1848 2934 eo
