2075 3235
170 1519 221 1558 46

252 137 321 189 96
809 134 890 178 AD
925 135 969 178 0.
1003 133 1364 177 HERENNTUM

251 256 577 309 transfertur
603 274 665 308 ex
690 256 796 307 alia
827 273 898 322 re,
931 254 1071 322 quod
1094 257 1317 322 propter
1342 253 1749 306 similitudinem
1779 257 1922 306 recte

251 330 520 382 videbitur
559 347 714 397 posse
746 327 1042 379 transferri.
1105 327 1187 378 Ea
1218 326 1419 378 utimur
1458 327 1536 378 101
1576 330 1699 378 ante
1740 328 1922 380 oculos

252 403 529 472 ponendae
570 420 748 467 causa,
791 400 888 452 sic:
930 399 1052 451 ‘Hic
1090 400 1146 450 in
1185 399 1346 451 Italia
1377 401 1642 451 tumultus
1675 418 1924 470 experge-

252 477 380 528 fecit
428 493 632 527 err·01es
682 472 894 525 subito?
981 471 1275 524 Bievitatis
1316 490 1498 540 causa,
1547 473 1645 524 sic:
1700 473 1923 526 eRecens

253 550 511 601 adventus
568 547 829 599 exercitus
887 546 1143 597 exstinxit
1199 545 1376 597 subito
1426 546 1735 599 civitatem?
1821 545 1923 598 Ob-

254 621 530 674 scenitatis
572 620 822 672 vitandae
862 638 1036 686 causa,
1077 619 1173 670 sic:
1216 617 1396 671 ‘Cuius
1438 622 1611 670 mater
1643 619 1924 671 cotidianis

251 695 453 764 nuptiis
481 692 809 746 delectetur?
857 692 1107 762 Augendi
1125 710 1301 760 causa,
1328 692 1426 744 sic:
1453 691 1689 744 ‘Nullius
1715 711 1925 745 maeror

252 772 305 820 et
360 767 639 820 calamitas
693 766 851 818 istius
912 767 1122 834 explere
1182 765 1492 817 inimicitias
1555 768 1609 817 et
1663 765 1926 818 nefariam

253 841 627 894 crudelitatem
680 843 923 892 saturaie
970 838 1183 908 potuit.'
1266 838 1541 890 Minuendi
1595 857 1778 907 causa,
1828 839 1924 891 31οε

253 914 472 984 ‘Magno
514 932 569 966 se
609 913 883 981 praedicat
923 913 1122 964 auxilio
1161 912 1350 979 fuisse,
1391 912 1516 980 quia
1553 913 1832 980 paululum
1870 912 1928 964 in

251 988 411 1040 iebus
462 1005 570 1039 non
612 986 942 1039 difficillimis
983 986 1257 1054 aspiravit.
1335 983 1573 1037 Oinandi
1613 1003 1798 1053 causa,-
1829 985 1926 1038 sic:

253 1061 577 1129 eAliquando
633 1060 711 1111 rei
763 1060 1009 1129 publicae
1066 1059 1325 1124 rationeS,
1389 1077 1522 1127 quae
1576 1059 1786 1111 malitia
1837 1077 1928 1111 no·

253 1135 488 1186 centium
537 1136 881 1197 exaruerunt,
928 1133 1128 1184 virtute
1177 1100 1522 1200 optimatium
1568 1131 1926 1184 revirescent.⁹

253 1207 689 1259 Translationem
758 1208 1047 1275 pudentem
1112 1206 1294 1258 dicunt
1357 1223 1472 1257 esse
1537 1209 1807 1274 oportere,
1867 1209 1930 1258 ut

254 1299 374 1333 cum
428 1280 637 1332 ratione
695 1280 752 1331 in
801 1279 1135 1332 consimilem
1182 1298 1295 1331 rem
1350 1282 1614 1346 transeat,
1675 1297 1742 1331 ne
1791 1278 1928 1344 [sine

255 1354 486 1419 delectu]
553 1357 754 1405 temere
817 1356 871 1404 et
931 1352 1119 1420 cupide
1189 1353 1435 1404 videatur
1494 1352 1552 1403 in
1614 1351 1929 1404 dissimilem

253 1426 652 1479 transcurrisse.

401 1499 734 1552 Permutatio
770 1502 852 1551 est
885 1499 1057 1551 oratio
1093 1499 1239 1550 aliud
1269 1499 1449 1551 verbis
1484 1498 1630 1550 aliud
1663 1499 1930 1551 sententia

255 1574 645 1626 demonstrans,
720 1572 803 1625 Ea
843 1572 1097 1624 dividitur
1136 1573 1191 1624 in
1230 1576 1339 1624 tres
1381 1576 1586 1640 partes:
1628 1572 1930 1624 similitudi-

252 1665 397 1713 nem,
460 1649 860 1715 argumentum,
923 1645 1265 1698 contrarium.
1357 1645 1459 1697 Per
1522 1645 1930 1698 similitudinem

255 1721 498 1787 sumitur,
524 1738 644 1771 cum
668 1719 1053 1771 translationes
1071 1720 1252 1786 plures
1281 1719 1632 1788 [frequenter]
1659 1722 1932 1787 ponuntur

256 1795 311 1860 [a
366 1793 598 1861 simplici
654 1793 897 1845 oratione
947 1793 1175 1860 ductae,]
1235 1793 1334 1844 sic:
1391 1791 1551 1844 ‘Nam
1599 1809 1719 1844 cum
1772 1810 1931 1845 canes

253 1868 547 1936 fungentur
594 1865 783 1919 officiis
831 1867 1108 1934 luporum,
1158 1867 1411 1935 quoinam
1457 1865 1724 1934 praesidio
1763 1883 1933 1935 pecua

256 1939 586 1993 credemus?
627 1939 729 1991 Per
763 1943 1140 2009 argumentum
1172 1942 1450 2007 tractatur,
1483 1957 1605 1991 cum
1638 1957 1670 1991 a
1699 1956 1932 2008 persona

257 2018 351 2066 aut
384 2014 502 2065 loco
529 2016 621 2064 aut
646 2030 701 2064 re
728 2013 908 2081 aliqua
942 2013 1237 2065 similitudo
1273 2011 1503 2081 augendi
1534 2015 1628 2064 aut
1659 2012 1933 2065 minuendi

258 2104 418 2139 causa
458 2087 683 2153 ducitur,
722 2090 783 2138 ut
824 2087 869 2137 si
909 2086 1025 2154 quis
1065 2086 1300 2137 Drusum
1341 2085 1661 2138 ‘Gracchum
1700 2086 1932 2138 nitorem

258 2159 577 2212 obsoletum'
620 2159 775 2211 dicat.
845 2159 928 2210 Ex
961 2159 1230 2212 contrario
1272 2159 1481 2211 ducitur
1514 2159 1602 2223 sic,
1642 2162 1703 2211 ut
1735 2160 1782 2211 si
1813 2159 1932 2228 quis

256 2233 529 2285 hominem
561 2232 848 2302 prodigum
881 2235 934 2284 et
966 2232 1298 2284 luxuriosum
1332 2231 1706 2301 [inprudens]
1710 2251 1933 2301 parcum

258 2310 311 2358 et
360 2304 692 2374 diligentem'
743 2306 993 2374 appellet.
1076 2305 1150 2357 Et
1195 2306 1251 2357 in
1298 2306 1400 2357 hoc
1445 2308 1744 2374 postremO,
1793 2306 1933 2375 quod

259 2397 321 2431 ex
363 2379 631 2431 contrario
674 2379 902 2430 sumitur
941 2382 995 2429 et
1032 2378 1088 2430 in
1126 2379 1222 2431 illo
1263 2379 1454 2448 primo,
1495 2379 1636 2448 quod
1676 2397 1708 2431 a
1748 2379 1934 2431 simili-

257 2452 440 2504 tudine
467 2452 690 2519 ducitur,
723 2470 817 2519 per
847 2451 1260 2504 translationem
1286 2456 1605 2521 argumento
1636 2452 1933 2521 poterimus

258 2526 353 2578 uti.
430 2525 532 2576 Per
573 2494 981 2577 similitudinem
1029 2525 1128 2577 sic:
1176 2525 1334 2586 ‘Quid
1349 2496 1458 2577 ²³ait
1504 2525 1592 2578 hic
1636 2543 1728 2577 rex
1775 2528 1935 2595 atque

261 2598 639 2667 Agamemnon
685 2602 892 2666 noster,
949 2598 1082 2665 sive,
1136 2603 1197 2650 ut
1252 2599 1541 2651 crudelitas
1595 2601 1699 2666 est,
1753 2600 1933 2668 potius

261 2671 515 2723 Atreus?⁹
592 2671 676 2723 Ex
716 2671 1001 2739 contrario,
1040 2640 1101 2723 u⁷t
1140 2672 1186 2722 si
1227 2671 1555 2740 quempiam,
1595 2671 1686 2740 qui
1723 2676 1934 2740 patrem

260 2744 577 2809 verberarit,
627 2743 901 2797 ‘Aeneam'
950 2762 1220 2812 vocemUS,
1266 2745 1716 2814 intemperantem
1755 2749 1810 2797 et
1849 2745 1935 2797 ad-

260 2817 496 2868 ulterum
537 2816 939 2886 ‘Hippolytum'
979 2818 1332 2870 nominemus

407 2889 555 2941 Haec
597 2894 722 2941 sunt
761 2891 886 2958 fere,
928 2909 1062 2960 quae
1103 2891 1323 2944 dicenda
1361 2890 1683 2944 videbantur
1722 2891 1786 2944 de
1824 2910 1936 2944 ver-

1952 929 1994 960 10

1955 1293 1997 1325 15

1955 1661 1998 1693 20

1957 2027 1999 2060 25

1958 2393 2001 2426 30

1958 2759 2001 2792 35
