2075 3235
469 120 646 176 LIBER
676 133 751 178 IV.
816 132 940 178 CAP.
977 138 1162 178 13—14.
1223 139 1247 188 ξ
1282 139 1466 180 18-20.
1737 138 1803 189 77

128 253 326 305 tiarum
378 253 781 305 exornationem
832 252 1100 305 dividitur.
1178 253 1476 306 Verborum
1530 258 1805 309 exornatio

130 329 235 393 est,
276 343 409 394 quae
448 326 617 393 ipsius
660 326 919 378 sermonis
958 326 1221 396 insignita
1265 328 1569 380 continetur
1614 347 1805 398 perpo-

130 399 329 450 litione.
374 397 773 451 Sententiarum
798 400 1073 451 exornatio
1100 403 1197 466 est,
1229 418 1361 468 quae
1385 419 1493 453 non
1523 401 1579 453 in
1610 402 1802 469 verbiS‚

131 471 222 524 sed
259 471 316 522 in
354 472 486 540 ipsis
527 473 687 524 rebus
728 472 992 540 quandam
1032 472 1197 524 habet
1237 473 1574 543 dignitatem.
1617 516 1805 527 .......

85 560 105 592 5
275 544 548 612 Repetitio
612 549 716 612 est,
773 564 891 598 cum
954 546 1287 598 continenter
1349 547 1416 598 ab
1477 565 1582 600 uno
1647 552 1805 617 atque
1841 570 1891 607 19

129 617 314 670 eodem
362 619 524 670 verbo
573 619 627 670 in
673 619 831 671 rebus
880 619 1146 671 similibus
1187 623 1241 671 et
1281 620 1504 673 diversis
1545 621 1805 689 principia

128 695 433 758 sumuntur,
480 692 582 744 hoc
622 693 802 744 modo:
858 691 1047 744 ‘Vobis
1088 693 1232 744 istud
1273 694 1669 746 attribuendum
1710 700 1806 761 est,

127 764 279 816 vobis
321 766 499 834 gratia
539 770 620 817 est
651 765 918 831 habenda,
966 766 1118 816 vobis
1168 767 1276 817 ista
1313 784 1398 818 res
1440 768 1541 818 erit
1578 767 1804 819 honori.⁹

126 836 287 889 Item:
321 836 518 907 ‘Scipio
554 837 903 890 Numantiam
937 839 1168 905 sustulit,
1203 837 1380 907 Scipio
1413 839 1805 909 Karthaginem

62 926 103 956 10
129 910 348 978 delevit,
388 909 565 980 Scipio
604 930 791 980 pacem
828 912 1058 980 peperit,
1099 910 1276 979 Scipio
1317 912 1593 965 civitatem
1633 931 1805 966 serva-

126 983 236 1036 vit?
300 984 460 1036 Item:
493 983 592 1036 ‘Tu
624 985 678 1036 in
709 984 885 1036 forum
917 986 1146 1053 prodire,
1185 990 1246 1037 tu
1277 986 1450 1038 lucem
1483 987 1802 1055 conspicere,

124 1060 184 1108 tu
216 1058 271 1108 in
300 1058 492 1110 horum
525 1063 869 1127 conspectum
900 1059 1081 1110 venire
1115 1059 1361 1111 conaris?
1396 1060 1557 1111 audes
1582 1061 1804 1112 verbum

123 1129 335 1183 facere?
377 1132 537 1184 audes
571 1133 854 1200 quicquam
888 1132 954 1184 ab
987 1132 1107 1184 istis
1140 1133 1359 1199 petere?
1402 1133 1563 1184 audes
1606 1134 1805 1202 suppli-

124 1203 264 1256 cium
318 1204 625 1273 deprecari?
704 1204 840 1265 Quid
895 1209 999 1272 est,
1053 1206 1195 1273 quod
1247 1206 1423 1274 possis
1488 1206 1803 1258 defendere?

59 1291 100 1323 15
126 1277 252 1345 quid
292 1281 388 1346 est,
429 1278 569 1346 quod
609 1279 802 1330 audeas
842 1279 1155 1346 postulare?
1205 1279 1331 1347 quid
1379 1283 1481 1347 est,
1524 1281 1661 1348 quod
1702 1279 1805 1331 tibi

122 1351 338 1402 concedi
377 1356 532 1419 putes
575 1353 859 1420 oportere?
899 1350 1024 1404 Non
1062 1352 1145 1403 ius
1184 1352 1468 1404 iurandum
1500 1353 1803 1421 reliquisti?

120 1441 230 1476 non
276 1425 476 1476 amicos
516 1425 838 1492 prodidisti?
897 1443 1007 1477 non
1053 1426 1265 1494 parenti
1304 1444 1493 1478 manus
1536 1427 1803 1478 attulisti?

121 1515 229 1550 non
275 1497 499 1566 denique
552 1499 607 1549 in
662 1499 808 1550 omni
855 1498 1108 1550 dedecore
1157 1499 1433 1551 volutatus
1481 1499 1592 1552 es?'
1656 1499 1805 1552 Haec

122 1571 398 1623 exornatio
431 1589 550 1624 cum
576 1572 806 1624 multum
837 1572 1138 1624 venustatis
1170 1573 1335 1624 habet
1366 1576 1483 1625 tum
1517 1573 1803 1643 gravitatis

57 1657 96 1689 2·
125 1647 177 1696 et
209 1645 529 1697 acrimoniae
561 1645 866 1713 plurimum.
907 1644 1081 1706 Quare
1112 1646 1323 1698 videtur
1355 1665 1470 1698 esse
1504 1647 1804 1700 adhibenda

126 1715 220 1788 [et]
256 1718 322 1769 ad
355 1719 647 1770 ornandam
689 1723 742 1771 et
784 1717 891 1788 [ad]
934 1719 1300 1789 exaugendam
1342 1720 1653 1772 orationem.

270 1789 561 1844 Conversio
603 1796 700 1859 est,
731 1810 826 1860 per
859 1810 1019 1860 quam
1053 1794 1221 1860 [non],
1253 1796 1315 1844 ut
1348 1796 1486 1860 ante,
1521 1794 1799 1861 [primum]

122 1865 414 1933 repetimus
462 1865 699 1932 verbum,
742 1865 831 1917 sed
872 1866 937 1917 ad
977 1869 1310 1934 postremum
1350 1868 1686 1920 continenter
1725 1887 1803 1920 re-

122 1938 405 2007 vertimur,
445 1939 546 1990 hoc
586 1939 766 1990 modo:
809 1938 1034 1991 ‘Poenos
1073 1941 1301 2008 populus
1334 1940 1608 1993 Romanus
1647 1941 1802 1992 iusti-

56 2024 98 2057 25
122 2011 200 2064 tia
253 2012 404 2080 vicit,
460 2012 623 2064 armis
678 2012 831 2078 vicit,
887 2013 1210 2065 liberalitate
1264 2012 1426 2066 vicit?
1488 2013 1649 2066 Item:
1701 2014 1802 2067 ‘Ex

125 2103 228 2153 quo
261 2088 501 2153 tempore
534 2086 818 2138 concordia
851 2086 913 2138 de
945 2086 1163 2139 civitate
1196 2087 1413 2140 sublata
1446 2093 1542 2155 est,
1578 2088 1799 2141 libertas

123 2158 338 2210 sublata
377 2162 480 2227 est,
531 2159 681 2225 [fides
722 2160 938 2212 sublata
977 2164 1079 2228 est,
1128 2161 1366 2213 amicitia
1419 2162 1634 2214 sublata
1674 2164 1799 2229 est,]

124 2248 208 2283 res
246 2231 463 2299 publica
503 2233 716 2285 sublata
756 2233 870 2286 est?
931 2232 1092 2286 Item:
1133 2233 1208 2286 Ὃ.
1241 2234 1454 2287 Laelius
1495 2235 1677 2300 [homo
1708 2253 1800 2287 no-

123 2322 218 2356 vus
259 2307 414 2372 erat,]
455 2306 763 2375 ingeniosus
805 2311 944 2374 erat,
986 2308 1172 2360 doctus
1213 2312 1342 2377 erat,
1379 2309 1537 2360 bonis
1576 2308 1706 2360 viris
1747 2312 1801 2361 et

56 2391 100 2424 30
124 2378 314 2430 studiis
371 2380 569 2432 amicus
621 2384 735 2432 erat
783 2383 955 2451 [2ergo
996 2382 1051 2433 in
1107 2381 1324 2433 civitate
1372 2382 1575 2450 primus
1627 2382 1799 2448 erat]'.

122 2450 281 2502 Item:
330 2451 485 2506 ‘Nam
529 2470 649 2505 cum
687 2454 848 2521 istos,
899 2458 959 2505 ut
1009 2454 1293 2507 absolvant
1344 2453 1460 2525 [te],
1510 2472 1692 2524 rogaS,
1739 2459 1799 2508 ut

122 2525 408 2594 periurent,
433 2543 610 2596 rogaS,
634 2530 695 2578 ut
719 2528 1169 2580 existimationem
1194 2529 1500 2597 neglegant,
1531 2546 1707 2598 rogaS,
1738 2533 1799 2581 ut

121 2599 266 2667 leges
309 2600 515 2668 [populi
547 2599 799 2667 Romani]
842 2605 966 2653 tuae
1006 2601 1217 2652 libidini
1251 2601 1565 2671 largiantur,
1603 2602 1797 2672 rogas?

268 2670 580 2742 Complexio
635 2677 738 2741 est,
788 2693 921 2743 quae
969 2678 1251 2743 utramque
1303 2676 1676 2744 complectitur
1716 2695 1797 2728 ex-

54 2758 95 2790 35
123 2745 473 2813 ornationem,
511 2750 564 2798 et
602 2746 741 2799 hanc
774 2752 827 2800 et
860 2767 1020 2816 quam
1064 2751 1188 2800 ante
1229 2750 1586 2817 exposuimuS,
1622 2751 1697 2815 [et
1736 2754 1795 2801 ut

120 2822 395 2887 repetatur
433 2820 573 2871 idem
612 2821 832 2873 verbum
873 2822 1086 2890 saepius
1128 2825 1181 2873 et
1213 2823 1396 2875 crebro
1428 2822 1494 2874 ad
1525 2823 1666 2874 idem
1699 2842 1793 2891 po-

122 2894 322 2946 stremo
354 2896 725 2961 revertantur,]
759 2894 860 2947 hoc
893 2895 1074 2948 modo:
1114 2893 1235 2957 ‘Qui
1268 2899 1413 2964 sunt,
1455 2897 1546 2965 qui
1579 2895 1793 2948 foedera

1819 2648 1887 2700 14

1830 2724 1885 2763 20
