2080 3204
258 157 327 209 66
820 155 900 199 AD
938 155 984 200 C.
1019 155 1388 200 HERENNIUM

259 278 401 330 enim
461 277 855 343 testimonium,
918 276 992 327 sic
1055 275 1354 344 exemplum
1408 276 1484 328 rei
1545 277 1940 331 confirmandae

258 370 419 404 causa
459 352 701 404 sumitur.
777 348 900 400 Non
940 366 1068 418 ergo
1110 352 1323 417 oportet
1371 349 1473 402 hoc
1518 351 1623 403 nisi
1671 369 1702 403 a
1751 352 1941 421 proba-

258 426 468 478 tissimo
512 425 662 490 sumi,
695 441 781 489 ne,
823 422 962 489 quod
1002 422 1147 473 aliud
1187 423 1500 475 confirmare
1541 424 1748 492 debeat,
1788 429 1942 494 egeat

251 502 435 567 ‘ipsum
476 497 912 549 confirmationis
973 495 1188 547 Etenim
1226 513 1441 548 necesse
1482 501 1564 549 est
1604 501 1697 550 aut
1736 516 1792 550 se
1833 516 1940 551 om-

258 574 417 625 nibus
481 572 809 638 anteponant
865 572 918 620 et
973 587 1070 620 sua
1131 570 1362 621 maxime
1424 570 1653 638 probent
1714 574 1833 638 aut,
1897 572 1943 624 si
1987 585 2009 618 5

262 647 368 697 alia
407 682 857 696 .................
883 642 1283 711 probatissimis
1324 646 1539 711 sumpta
1587 644 1708 696 sint.
1786 643 1842 696 Si
1885 663 1940 698 se

261 718 507 770 omnibus
549 719 902 784 anteponant,
949 716 1283 768 intolerabili
1333 717 1652 786 adrogantia
1691 722 1842 785 sunt3
1896 720 1942 770 si

261 809 391 860 quos
435 790 537 842 sibi
576 794 914 859 praeponant
955 794 1007 842 et
1048 807 1232 841 eorum
1265 790 1508 858 exempla
1540 791 1649 842 suis
1682 791 1942 860 exemplis

258 883 368 917 non
405 868 598 933 putent
636 867 932 932 praestare,
979 882 1087 915 non
1125 867 1354 931 possunt
1393 863 1587 932 dicere,
1635 883 1797 933 quare
1838 865 1943 916 sibi

210 927 384 990 21110s
437 941 781 1006 anteponant.
858 935 1031 997 Quid?
1081 937 1201 1005 ipsa
1252 938 1542 990 auctoritas
1599 938 1942 1006 antiquorum
1969 952 2011 984 10

259 1031 368 1065 non
417 1030 536 1064 cum
587 1029 670 1063 res
722 1011 1112 1079 probabiliores
1163 1014 1278 1063 tum
1325 1010 1603 1063 hominum
1657 1011 1835 1064 studia
1875 1011 1943 1063 ad

261 1085 581 1137 imitandum
644 1084 907 1137 alacriora
968 1084 1179 1136 reddit?
1255 1083 1428 1136 Immo
1485 1085 1646 1154 erigit
1702 1085 1945 1137 omnium

263 1158 582 1228 cupiditates
624 1162 677 1210 et
718 1158 859 1210 acuit
901 1157 1248 1225 industriam,
1291 1177 1408 1210 cum
1458 1176 1578 1226 spes
1625 1158 1824 1211 iniecta
1863 1162 1947 1210 est

261 1251 419 1302 posse
452 1232 712 1284 imitando
740 1231 968 1284 Gracchi
1002 1236 1094 1284 aut
1119 1230 1301 1284 Crassi
1334 1232 1587 1300 consequi
1614 1231 1946 1284 facultatem.

204 1312 228 1349 3
261 1307 543 1359 Postremo
575 1306 678 1358 hoc
708 1305 887 1374 ipsum
919 1324 1185 1357 summum
1217 1311 1299 1357 est
1331 1305 1616 1358 artificium
1646 1324 1731 1358 res
1763 1305 1943 1358 varias
1969 1318 2012 1352 15

264 1384 317 1433 et
358 1380 594 1447 dispares
636 1380 692 1430 in
729 1383 814 1430 tot
852 1381 1116 1447 poematis
1157 1382 1210 1430 et
1251 1379 1582 1431 orationibus
1632 1397 1848 1448 sparsas
1891 1382 1946 1431 et

262 1471 400 1523 vage
448 1453 699 1505 disiectas
739 1453 817 1504 ita
864 1452 1149 1522 diligenter
1198 1453 1419 1521 eligere,
1465 1456 1526 1504 ut
1572 1471 1739 1504 unum
1786 1452 1947 1521 quod-

267 1546 368 1596 que
411 1545 577 1597 genus
619 1526 981 1593 exemplorum
1021 1527 1118 1578 sub
1160 1526 1402 1595 singulos
1450 1527 1583 1578 artis
1633 1526 1780 1578 locos
1829 1525 1949 1578 sub-

265 1603 403 1653 icere
435 1601 626 1668 possis.
681 1599 798 1651 Hoc
825 1600 869 1650 si
893 1599 1159 1651 industria
1184 1600 1359 1650 solum
1390 1600 1504 1651 fieri
1534 1603 1735 1668 posset,
1765 1603 1948 1651 tamen

267 1692 503 1726 essemus
536 1673 805 1740 laudandi,
837 1691 957 1724 cum
988 1673 1154 1724 talem
1186 1673 1428 1724 laborem
1458 1691 1567 1725 non
1597 1672 1946 1743 fugissemus;
1973 1687 2016 1719 20

265 1766 405 1800 nunc
445 1748 558 1799 sine
600 1764 807 1798 summo
849 1747 1073 1798 artificio
1112 1764 1220 1799 non
1266 1749 1448 1815 potest
1487 1746 1618 1800 fieri.
1695 1744 1824 1807 Quis
1865 1749 1949 1798 est

269 1823 429 1889 enim,
485 1821 575 1889 qui
637 1839 756 1873 611111
804 1838 1009 1872 summe
1056 1839 1164 1872 non
1210 1823 1360 1872 tenet
1407 1822 1601 1888 artem,
1655 1820 1831 1889 possit
1871 1837 1948 1886 ea,

269 1913 403 1964 quae
458 1895 642 1946 iubeat
691 1912 800 1961 arS,
856 1894 918 1945 de
964 1898 1118 1946 tanta
1166 1897 1220 1946 et
1273 1897 1387 1946 tam
1446 1894 1639 1945 diffusa
1686 1893 1950 1962 scriptura

267 1973 457 2021 notare
520 1972 573 2020 et
635 1968 920 2036 separare?
997 1966 1194 2035 Ceteri,
1250 1986 1369 2020 cum
1432 1967 1621 2038 legunt
1676 1968 1950 2019 orationes

270 2044 439 2094 bonas
482 2046 574 2093 aut
605 2045 871 2110 poemata,
909 2041 1143 2109 probant
1183 2043 1423 2093 oratores
1458 2044 1738 2110 etrpoetas
1777 2057 1950 2108 neque
1975 2054 2018 2087 2⁵

270 2116 616 2184 intellegunt,
657 2133 761 2182 qua
799 2133 856 2166 re
896 2115 1152 2166 commoti
1189 2114 1440 2183 probent,
1466 2114 1630 2183 'quod
1672 2114 1806 2166 scire
1843 2131 1954 2165 non

271 2194 520 2258 possunt,
567 2188 660 2239 ubi
708 2188 779 2239 sit
826 2206 922 2240 nec
970 2188 1098 2256 quid
1146 2187 1217 2240 sit
1262 2206 1358 2240 nec
1407 2206 1510 2256 quo
1551 2187 1709 2240 modo
1748 2186 1952 2239 factum

274 2265 344 2315 sit
382 2263 451 2330 id,
492 2261 631 2331 quod
671 2279 760 2313 eos
800 2261 1028 2313 maxime
1069 2261 1311 2330 delectet3
1356 2264 1458 2328 [at]
1499 2261 1561 2326 is,
1600 2261 1691 2329 qui
1731 2264 1785 2313 et
1821 2260 1955 2312 haec

275 2336 455 2389 omnia
493 2335 766 2404 intellegit
807 2339 860 2386 et
898 2335 1089 2386 idonea
1127 2336 1357 2387 maxime
1399 2335 1555 2404 eligit
1594 2339 1648 2386 et
1688 2334 1869 2386 omnia·
1899 2334 1956 2385 in

275 2414 388 2462 arte
444 2410 718 2475 [maxime]
767 2408 1045 2461 scribenda
1089 2409 1288 2478 redigit
1333 2409 1389 2460 in
1435 2408 1678 2478 singulas
1717 2409 1954 2460 rationes
1978 2421 2020 2454 30

273 2483 682 2552 praeceptioniS,
720 2500 936 2535 necesse
977 2485 1058 2533 est
1098 2483 1210 2534 eius
1250 2482 1328 2534 rei
1369 2500 1606 2534 summus
1641 2481 1836 2533 artifex
1869 2480 1956 2533 sit.

277 2555 415 2621 [Hoc
456 2557 624 2626 igitur
655 2557 832 2625 ipsum
863 2556 1157 2608 maximum
1191 2556 1477 2608 artificium
1510 2559 1592 2608 est
1622 2556 1680 2607 in
1711 2557 1827 2608 arte
1860 2571 1958 2606 sua

274 2647 432 2697 posse
473 2634 525 2681 et
566 2630 754 2681 alienis
798 2629 1056 2698 exemplis
1098 2630 1219 2695 uti.]

219 2721 245 2758 4
425 2702 571 2755 Haec
625 2703 710 2755 illi
766 2722 886 2755 cum
943 2703 1147 2771 dicunt,
1211 2703 1386 2772 magis
1441 2721 1578 2756 vana
1633 2700 1957 2754 auctoritate

278 2779 615 2828 commovent
656 2795 816 2845 quam
862 2776 1090 2829 veritate
1153 2777 1548 2846 disputationis,
1623 2774 1766 2827 Illud
1814 2774 1955 2825 enim
1980 2786 2019 2820 35

278 2868 537 2918 veremur,
575 2868 642 2901 ne
682 2851 766 2902 cui
807 2850 938 2902 satis
981 2850 1053 2902 sit
1086 2850 1151 2902 ad
1186 2850 1512 2903 contrariam
1544 2849 1807 2902 rationem
1839 2864 1959 2916 pro-

277 2923 532 2990 bandam,
582 2924 722 2991 quod
770 2924 836 2976 ab
879 2942 940 2976 ea
992 2924 1242 2976 steterint
1288 2924 1348 2993 ii,
1406 2924 1495 2993 qui
1550 2926 1602 2978 et
1653 2922 1957 2974 inventores
