2080 3204
77 903 118 935 10

77 1272 118 1305 15

76 1644 118 1676 20

76 2011 117 2046 25

483 99 660 144 LlBEB
692 99 746 144 H.
817 98 941 144 CAP.
979 104 1165 144 19—20.
1229 103 1253 153 ξ
1286 103 1477 145 29-31.
1763 101 1830 153 31

145 223 280 276 ciem
332 220 660 291 profectum,
718 219 1041 289 praesertim
1097 239 1216 273 cum
1270 220 1329 272 in
1383 220 1572 272 bestiis
1627 222 1833 274 nullam

143 314 315 365 neque
347 296 546 347 bonam
578 294 750 362 neque
784 294 986 346 malam
1018 294 1284 346 rationem
1316 294 1608 362 videa-muS,
1639 295 1695 346 in
1726 295 1833 347 isto

142 370 404 441 plurimas
453 371 507 420 et
553 368 818 437 pessimas
867 368 1104 420 rationes
1155 385 1365 438 semper
1411 368 1577 420 fuisse
1626 368 1835 420 intelle-

145 461 350 515 gamus,
414 440 471 494 Si
510 460 638 512 ergo
679 442 956 511 pollicitus
1005 461 1121 494 sum
1168 461 1253 494 me
1302 441 1552 494 daturum
1601 460 1833 510 causam,
1868 461 1924 501 30

145 536 250 586 qua
297 516 546 568 inductus
595 515 784 568 Ulixes
835 517 1118 568 accesserit
1159 516 1225 568 ad
1273 515 1618 585 maleficium,
1681 519 1734 568 613
1791 517 1837 568 si

141 591 550 643 inimicitiarum
598 590 914 642 acerrimam
960 590 1226 642 rationem
1278 593 1330 642 et
1369 590 1595 659 periculi
1631 593 1836 643 metum

142 664 510 718 intercessisse
552 663 929 731 demonstravi,
976 682 1086 715 non
1127 667 1208 715 est
1249 664 1468 716 dubium
1509 664 1638 733 quin
1677 665 1836 717 confi-

142 742 323 792 teatur
356 757 574 791 causam
606 737 858 790 maleficii
889 736 1088 790 fuisse.³
1130 738 1279 808 Ergo
1316 738 1722 790 absolutissima
1754 742 1836 790 est

144 812 543 884 argumentatio
593 831 677 880 ea,
734 829 868 880 quae
917 830 981 863 ex
1029 811 1262 880 quinque
1309 812 1556 880 partibus
1607 815 1834 881 constat,

144 888 236 939 sed
276 906 338 940 ea
376 905 486 939 non
526 904 736 955 semper
774 903 989 937 necesse
1031 890 1112 937 est
1152 886 1246 938 uti.
1300 885 1402 937 Est
1444 905 1564 938 cum
1604 887 1835 955 comple-

142 961 300 1014 xione
341 960 793 1031 supersedendum
834 963 936 1028 est,
987 960 1034 1011 si
1079 978 1163 1012 res
1204 960 1384 1013 brevis
1426 963 1530 1028 est,
1577 963 1638 1012 ut
1676 960 1834 1013 facile

143 1035 406 1088 memoria
438 1034 945 1104 comprehendatur3
987 1037 1082 1100 est,
1124 1053 1244 1087 curn
1287 1035 1562 1086 exornatio
1599 1038 1835 1104 praeter—

143 1110 407 1162 mittenda
449 1112 544 1177 est,
587 1108 632 1160 si
671 1127 864 1178 parum
904 1109 1146 1178 locuples
1189 1108 1256 1160 ad
1297 1109 1739 1177 amplificandum
1782 1112 1835 1161 et

145 1183 511 1237 exornandum
551 1201 635 1234 res
677 1182 889 1234 videtur
930 1201 1058 1234 esse.
1100 1180 1193 1234 Sin
1234 1186 1287 1234 et
1327 1183 1506 1234 brevis
1541 1183 1642 1234 erit
1676 1201 1835 1253 argu-

143 1257 407 1311 mentatio
457 1260 509 1309 et
549 1275 633 1308 res
674 1256 851 1308 tenuis
901 1260 994 1308 aut
1039 1257 1283 1325 humilis,
1332 1260 1448 1308 tum
1490 1257 1835 1309 exornatione

145 1336 198 1385 613
249 1331 619 1401 complexione
671 1331 1125 1400 supersedendum
1168 1334 1266 1383 est.
1346 1331 1432 1397 [In
1482 1331 1628 1384 omni
1679 1349 1837 1398 argu-

142 1406 475 1459 mentatione
510 1405 572 1457 de
614 1405 819 1457 duabus
871 1406 1116 1475 partibus
1157 1405 1447 1474 postremis
1488 1405 1634 1474 haee,
1676 1424 1836 1474 quam

143 1481 379 1551 exposui,
418 1479 558 1532 ratio
605 1482 687 1531 est
724 1479 987 1532 habenda.
1056 1479 1206 1549 Ergo
1250 1480 1590 1549 amplissima
1631 1485 1713 1531 est
1753 1498 1836 1532 ar-

144 1554 481 1625 gumentatio
533 1553 992 1623 quinquepertita3
1041 1554 1362 1606 brevissima
1411 1558 1492 1606 est
1538 1553 1836 1623 tripertita3

143 1629 447 1683 mediocris?
490 1629 705 1680 sublata
767 1631 861 1680 aut
916 1628 1262 1680 exornatione
1320 1631 1413 1680 aut
1469 1628 1836 1697 complexione

145 1701 553 1772 quadripertita.
1854 1738 1926 1789 20

292 1776 413 1830 Duo
471 1780 597 1829 sunt
653 1794 849 1846 genera
904 1777 1222 1830 vitiosarum
1280 1776 1835 1846 argumentationum:
1870 1815 1924 1854 31

143 1871 324 1920 unum,
366 1850 507 1920 quod
543 1851 609 1903 ab
653 1851 960 1904 adversario
1001 1851 1321 1920 reprehendi
1361 1853 1558 1919 potest,
1598 1850 1654 1902 id
1694 1850 1838 1919 quod

142 1926 379 1994 pertinet
413 1925 479 1977 ad
513 1943 745 1977 causam:
779 1926 1025 1993 alterum,
1060 1925 1200 1994 quod
1233 1925 1454 1977 tametsi
1485 1925 1835 1994 nugatorium

144 2003 241 2069 est,
302 2004 487 2053 tamen
547 2017 655 2051 non
717 1999 924 2069 indiget
985 1999 1434 2068 reprehensionis
1510 1998 1656 2061 Quae
1713 1999 1836 2067 sint⁷

144 2093 281 2143 quae
343 2073 755 2142 reprehensione
815 2074 1077 2126 confutari
1128 2073 1434 2141 conveniat,
1489 2091 1624 2141 quae
1672 2075 1836 2126 tacite

145 2148 416 2202 contemni
457 2150 616 2216 atque
670 2148 834 2201 vitari
890 2148 1003 2200 sine
1058 2148 1472 2217 reprehensione
1519 2148 1626 2199 nisi
1666 2166 1836 2200 exem-

143 2224 296 2293 plum
330 2222 620 2290 subiecem,
651 2222 969 2292 intellegere
1011 2222 1240 2274 dilucide
1272 2241 1382 2274 non
1412 2222 1632 2292 poteris,
1687 2221 1835 2274 Haec

146 2296 384 2367 cognitio
442 2296 761 2349 vitiosarum
817 2297 1350 2367 argumentationum
1412 2296 1678 2365 duplicem
1734 2296 1834 2347 uti-

79 2386 122 2418 30
146 2372 361 2423 litatem
417 2370 635 2423 adferet.
711 2369 857 2423 Nam
920 2374 973 2423 et
1028 2371 1200 2423 vitare
1256 2371 1312 2422 in
1369 2370 1836 2439 argumentatione

144 2445 336 2499 vitium
385 2445 695 2497 admonebit
742 2447 795 2497 et
844 2446 911 2498 ab
961 2445 1081 2497 aliis
1128 2463 1238 2498 non
1284 2445 1516 2497 vitatum
1558 2444 1835 2497 commode

145 2519 533 2588 reprehendere
594 2518 846 2590 docebit}
929 2519 1196 2582 Quoniam
1260 2519 1430 2588 igitur
1500 2519 1834 2571 ostendimus

144 2593 440 2663 perfectam
504 2596 558 2645 et
611 2594 827 2663 plenam
883 2593 1411 2664 argumentationem
1475 2611 1538 2644 ex
1602 2593 1834 2662 quinque

145 2668 393 2736 partibus
419 2670 688 2735 constare,
722 2668 779 2720 in
801 2687 910 2720 una
934 2686 1142 2737 quaque
1167 2671 1320 2735 parte
1346 2667 1834 2737 argumentationis

79 2755 122 2789 35
148 2760 282 2811 quae
323 2741 457 2794 vitia
496 2741 717 2794 vitanda
757 2742 880 2811 sint,
920 2742 1337 2810 conside1·emUS‚
1377 2745 1438 2793 ut
1480 2743 1578 2808 [et]
1619 2741 1725 2811 ipsi
1765 2741 1834 2794 ab

147 2817 232 2869 his
259 2816 406 2869 vitiis
441 2816 699 2884 recedere,
735 2818 832 2882 [et]
869 2815 1299 2868 adversariorum
1334 2816 1832 2885 argumentationes

146 2890 249 2944 hac
287 2889 663 2961 praeceptione
702 2890 759 2942 in
799 2890 1047 2943 omnibus
1087 2890 1336 2960 partibus
1376 2893 1647 2959 temptare
1679 2893 1733 2942 et
1765 2889 1834 2942 ab
