2080 3204
92 1858 157 1909 12

90 1934 141 1973 17

178 76 251 127 24
736 76 817 121 AD
851 77 898 122 C.
930 76 1297 121 HERENNIUM

179 198 368 267 possit,
406 198 509 251 hoc
547 198 706 251 modo
747 197 1089 249 tractandum
1130 200 1233 248 est:
1273 198 1522 267 primum,
1562 199 1699 251 sitne
1739 219 1850 252 am-

180 272 425 341 biguum,
466 271 821 339 quaerendum
865 273 969 336 est,
1017 270 1227 338 deinde,
1276 273 1540 339 quomodo
1589 273 1848 342 scriptum

180 349 342 413 esset,
391 347 437 398 si
482 346 557 412 id,
607 345 747 413 quod
788 343 1080 395 adversarii
1125 343 1570 414 interpretantur,
1617 346 1849 415 scriptor

179 419 296 470 fieri
334 419 607 485 voluisset,
649 417 1036 469 ostendendum
1076 420 1180 484 est3
1229 417 1414 470 deinde
1452 419 1529 487 id,
1569 420 1710 488 quod
1747 438 1846 472 nos

177 492 614 561 interpretemur,
663 493 715 541 et
755 490 870 541 fieri
915 508 1074 558 posse
1115 493 1168 541 et
1206 490 1452 559 honeste,
1498 497 1663 561 recte,
1713 495 1847 563 lege,

180 584 348 632 more,
395 568 610 630 natura,
664 565 806 615 bono
856 566 908 614 et
963 581 1130 631 aequo
1177 563 1294 615 fieri
1339 583 1520 633 posse3
1575 567 1714 634 quod
1762 567 1847 619 ad-

179 639 402 690 versarii
434 639 852 705 interpretentur
893 655 953 688 ex
987 637 1281 705 contrario3
1319 656 1416 690 nec
1448 657 1563 690 6556
1596 641 1847 711 ambigue

181 712 462 779 scriptum,
518 730 637 762 cum
687 711 1058 780 intellegatur,
1104 714 1228 762 utra
1276 712 1543 764 sententia
1587 731 1715 765 vera
1762 715 1847 766 sit.

180 784 335 852 Sunt,
397 785 489 852 qui
544 784 874 836 arbitrentur
927 784 992 835 ad
1046 784 1184 836 hanc
1241 803 1458 837 causam
1511 787 1848 839 tractandam

177 858 519 910 vehementer
550 858 816 926 pertinere
850 857 1209 926 cognitionem
1237 859 1690 927 amphiboliarum
1716 879 1847 928 eam,

179 950 313 1000 quae
361 932 428 983 ab
478 931 768 983 dialecticis
817 932 1142 999 proferatur3
1192 951 1290 983 nos
1347 951 1474 985 vero
1523 934 1848 987 arbitramur

176 1023 286 1057 non
326 1005 482 1057 modo
528 1006 677 1057 nullo
720 1005 1026 1057 adiumento
1068 1024 1205 1071 esse,
1255 1006 1346 1057 sed
1384 1007 1564 1075 pot-ius
1612 1008 1846 1061 maximo

178 1079 590 1147 impedimento:
647 1097 829 1130 omnes
887 1079 1027 1130 enim
1086 1079 1212 1145 [illi]
1277 1080 1638 1148 amphibolias
1694 1100 1847 1134 aucu-

176 1156 390 1221 pantur,
431 1171 519 1204 eas
553 1152 732 1219 etiam,
774 1171 999 1220 quarum
1040 1171 1101 1204 ex
1135 1153 1306 1205 altera
1336 1157 1490 1222 parte
1524 1155 1847 1207 sententiam

175 1227 381 1277 nullam
413 1230 640 1295 possunt
670 1226 1031 1294 interpretari.
1092 1227 1279 1294 Itaque
1313 1231 1366 1279 et
1398 1228 1560 1285 alieni
1584 1229 1846 1282 sermonis

177 1300 391 1351 molesti
445 1300 875 1368 interpellatores
935 1302 1029 1365 [et]
1089 1301 1275 1369 scripti
1329 1320 1449 1353 cum
1506 1302 1676 1354 odiosi
1729 1306 1847 1355 tum

178 1374 392 1425 obscuri
444 1373 765 1442 interpretes
815 1377 961 1439 sunt,
1018 1376 1070 1424 et
1117 1374 1242 1425 dum
1297 1378 1451 1426 caute
1503 1378 1557 1426 et
1603 1376 1846 1445 expedite

175 1446 325 1514 loqui
349 1447 552 1513 volunt,
575 1447 926 1498 infantissimi
949 1447 1300 1515 reperiuntur.
1339 1447 1425 1500 Ita
1451 1448 1575 1500 dum
1599 1453 1847 1502 metuunt

175 1519 232 1571 in
272 1520 514 1587 dicendo,
559 1539 625 1572 ne
675 1520 799 1588 quid
848 1520 1160 1590 ambiguum
1209 1522 1408 1588 dicant,
1455 1541 1652 1574 nomen
1691 1542 1846 1575 suum

175 1594 524 1662 pronuntiare
585 1612 695 1645 non
754 1597 997 1662 possunt.
1095 1594 1298 1646 Verum
1358 1595 1552 1647 horum
1613 1597 1844 1664 pueriles

176 1667 454 1735 opiniones
487 1667 802 1719 rectissimis
836 1667 1152 1735 rationibUS,
1185 1687 1305 1720 cum
1329 1670 1492 1736 voleS,
1525 1669 1846 1723 refellemus,

174 1739 238 1791 In
284 1741 711 1809 praesentiarum
757 1741 858 1792 hoc
905 1741 1231 1794 intercedere
1285 1761 1394 1795 non
1448 1742 1682 1795 alienum
1727 1743 1846 1812 fuit,

174 1818 235 1866 ut
274 1814 434 1866 huius
481 1814 740 1866 infantiae
781 1815 1057 1884 garrulam
1105 1815 1443 1885 disciplinam
1489 1820 1846 1870 contemnere-

176 1907 309 1940 mus.
395 1886 529 1940 Cum
593 1889 901 1940 definitione
962 1893 1195 1957 utemur,
1256 1890 1489 1958 primum
1545 1890 1844 1944 adferemus

174 1962 391 2013 brevem
430 1963 680 2014 vocabuli
721 1963 1096 2030 definitionem,
1134 1963 1236 2016 hoc
1268 1963 1446 2015 modo:
1489 1963 1843 2017 eMaiestatem

173 2035 219 2086 is
261 2035 469 2103 minuit,
511 2036 602 2103 qui
641 2054 701 2088 ea
741 2037 902 2104 tollit,
942 2055 1004 2088 ex
1039 2037 1229 2104 quibus
1269 2037 1427 2088 rebus
1461 2037 1694 2089 civitatis
1736 2057 1844 2090 am-

173 2109 381 2178 plitudo
423 2113 654 2161 constat:
705 2128 838 2177 quae
881 2114 1003 2161 sunt
1051 2129 1140 2177 ea,
1188 2109 1246 2171 Q.
1288 2109 1521 2179 Caepio?
1573 2112 1846 2182 suffragia,

175 2183 546 2252 magistratus,
622 2182 829 2251 Nempe
876 2184 1042 2253 igitur
1081 2187 1139 2235 tu
1181 2188 1233 2235 et
1280 2185 1538 2253 populum
1587 2186 1843 2255 suffragio

176 2259 228 2307 et
268 2257 648 2325 magistratum
697 2257 919 2308 consilio
967 2257 1212 2325 privasti,
1261 2277 1379 2310 cum
1419 2262 1610 2327 pontes
1653 2259 1844 2312 distur-

173 2329 351 2381 basti.'
428 2329 566 2381 Item
608 2349 668 2381 ex
710 2331 996 2382 contrario:
1040 2330 1397 2383 ‘Maiestatem
1427 2332 1473 2383 is
1507 2333 1714 2401 minuit,
1754 2333 1843 2401 qui

176 2403 584 2471 amplitudinem
633 2404 866 2456 civitatis
916 2404 1236 2457 detrimento
1293 2406 1487 2458 adficit.
1569 2405 1689 2475 Ego
1735 2425 1844 2459 non

176 2476 366 2543 adfeci,
416 2478 507 2529 sed
546 2478 798 2546 prohibui
846 2478 1187 2530 detrimento:
1240 2480 1503 2531 aerarium
1544 2480 1686 2531 enim
1725 2498 1842 2532 con-

176 2551 405 2617 servavi,
454 2551 664 2602 libidini
705 2552 968 2604 malorum
1008 2552 1205 2619 restiti,
1252 2553 1590 2605 maiestatem
1631 2572 1841 2606 omnem

174 2623 390 2674 interire
441 2643 548 2676 non
599 2643 790 2693 passus
843 2625 995 2677 sum.9
1079 2625 1319 2678 Primum
1372 2627 1541 2697 igitur
1590 2627 1839 2680 vocabuli

1873 876 1916 908 10

1872 1243 1914 1275 15

1870 1611 1913 1642 20

1869 1977 1912 2009 25

1867 2344 1910 2377 30

176 2697 443 2748 sententia
475 2699 708 2750 breviter
733 2703 786 2751 et
811 2699 876 2750 ad
901 2699 1193 2751 utilitatem
1226 2719 1415 2752 causae
1441 2701 1841 2753 adcommodate
1864 2714 1907 2747 35

175 2770 516 2839 discribetur3
565 2772 751 2825 deinde
790 2772 994 2825 factum
1033 2776 1276 2825 nostrum
1317 2793 1436 2826 cum
1474 2774 1624 2826 verbi
1664 2773 1841 2826 discri-

173 2843 357 2911 ptione
421 2845 801 2915 coniungetur3
868 2845 1053 2898 deinde
1120 2848 1419 2899 contrariae
1482 2847 1840 2916 discriptionis
