2075 3235
194 108 301 159 216
781 109 858 152 DE
892 106 1276 151 INVENTIONE
1324 113 1331 118 ·
1787 112 1872 152 100

110 227 358 282 118butae
408 231 553 294 sunt,
605 227 1041 280 considerabitur.
1119 225 1322 277 Deinde
1363 226 1466 277 erit
1505 226 1870 278 demonstran-

197 301 336 367 dum,
370 300 415 351 si
450 301 575 368 quid
608 319 669 352 ex
702 318 759 351 re
791 301 909 367 ipsa
942 299 1155 350 dabitur
1187 299 1478 366 facultatis,
1508 299 1576 364 id,
1610 299 1750 367 quod
1783 300 1871 352 ad-

195 373 462 425 versarius
496 374 797 441 intellegat,
837 372 1007 423 multo
1040 371 1215 422 minus
1249 371 1522 424 commode
1553 372 1668 424 fieri
1699 390 1874 441 posse,

197 465 358 514 quam
404 447 480 513 id,
529 446 669 513 quod
708 463 806 496 nos
861 445 1173 512 accipimuS,
1221 445 1360 512 quod
1399 445 1546 496 illius
1585 446 1663 497 rei
1700 463 1871 514 neque

197 520 592 571 administratio
632 536 802 585 neque
842 518 1013 568 exitus
1053 518 1196 568 ullus
1237 521 1435 585 exstet3
1477 536 1574 570 nos
1616 519 1757 586 quod
1797 518 1870 570 di·
1916 532 1939 564 5

197 611 400 659 camuS,
447 592 601 643 facile
651 595 703 642 et
751 591 1026 642 commode
1076 591 1307 659 transigi
1345 608 1524 660 posse,
1570 594 1630 642 ut
1675 592 1733 643 in
1769 591 1872 644 hac

196 666 312 734 lege
350 695 411 701 —
454 664 590 715 nihil
639 663 778 715 enim
825 664 1078 732 prohibet
1128 664 1311 715 fictam
1352 664 1580 732 exempli
1626 664 1743 716 loco
1781 683 1872 732 po-

196 756 344 804 nere,
385 756 488 805 quo
541 737 747 789 facilius
788 755 872 788 res
912 737 1263 806 intellegatur
1306 757 1395 788 -ι
1442 752 1740 789 MERETRIX
1780 751 1872 790 CO-

196 826 397 863 RONAM
443 825 676 862 AUREAM
721 825 796 861 NE
845 825 1102 877 HABET03
1158 825 1207 863 SI
1253 824 1566 877 HABUERIT,
1623 824 1872 863 PUBLICA

197 898 364 951 ESTO,
405 888 590 936 contra
631 902 773 950 eum,
823 884 913 951 qui
952 884 1286 936 meretricem
1326 883 1587 950 publicari
1627 883 1768 937 dicat
1807 902 1871 936 ex
1896 899 1940 930 10

198 958 316 1026 lege
357 961 618 1026 oportere,
656 957 830 1025 possit
868 957 969 1008 dici
1000 975 1170 1024 neque
1205 948 1725 1009 administrationem
1757 975 1872 1010 esse

196 1031 366 1081 ullam
405 1031 650 1098 publicae
691 1030 985 1082 meretricis
1017 1048 1186 1098 neque
1220 1031 1420 1081 exitum
1451 1031 1587 1099 legis
1619 1031 1677 1082 in
1707 1048 1873 1082 mere-

197 1104 327 1155 trice
375 1104 720 1171 publicanda,
776 1106 831 1155 at
884 1103 940 1154 in
998 1122 1126 1155 auro
1180 1103 1501 1172 publicando
1552 1106 1607 1155 et
1653 1103 1873 1155 admini-

199 1177 516 1229 strationem
557 1181 609 1228 et
649 1177 850 1228 exitum
889 1177 1101 1228 facilem
1144 1194 1258 1228 esse
1291 1180 1344 1228 et
1373 1177 1699 1228 incommodi
1736 1177 1872 1228 nihil

108 1222 383 1334 {²119inesse.
468 1249 547 1302 Ac
604 1251 887 1319 diligenter
940 1251 1073 1301 illud
1128 1268 1336 1318 quoque
1394 1251 1667 1302 attendere
1720 1269 1872 1319 opor·
1896 1264 1938 1297 15

197 1325 356 1391 tebit,
400 1343 550 1391 num,
591 1324 686 1375 illo
727 1324 980 1392 probatO,
1022 1324 1162 1392 quod
1202 1323 1538 1375 adversarius
1577 1323 1873 1392 intellegat,

197 1415 280 1449 res
321 1397 506 1449 utilior
547 1402 640 1449 aut
677 1397 956 1449 honestior
988 1401 1079 1448 aut
1111 1397 1283 1466 magis
1316 1397 1616 1449 necessaria
1648 1398 1715 1448 ab
1748 1397 1873 1450 scri-

196 1474 350 1539 ptore
397 1471 644 1537 neglecta
683 1471 938 1522 videatur.
1013 1470 1075 1521 Id
1112 1471 1225 1537 fiet,
1266 1470 1311 1521 si
1350 1470 1428 1537 id,
1469 1470 1610 1538 quod
1647 1488 1746 1522 nos
1787 1471 1871 1522 de-

197 1545 642 1610 monstrabimus,
695 1543 982 1595 honestum
1037 1548 1130 1594 aut
1182 1543 1314 1594 utile
1370 1547 1462 1595 aut
1510 1543 1872 1595 necessarium

199 1617 686 1668 demonstrabimus
697 1659 709 1683 ,
751 1620 803 1668 et
843 1617 887 1667 si
919 1617 987 1683 id,
1029 1617 1169 1684 quod
1202 1617 1268 1668 ab
1303 1616 1620 1668 adversariis
1653 1618 1871 1684 dicetur,
1895 1631 1940 1663 20

196 1691 415 1742 minime
471 1690 729 1741 eiusmodi
784 1708 895 1741 esse
952 1690 1199 1741 dicemus,
1287 1688 1490 1741 Deinde
1545 1691 1589 1741 si
1641 1690 1700 1741 in
1752 1691 1872 1760 lege

199 1765 300 1815 erit
341 1782 404 1815 ex
443 1764 696 1832 ambiguo
738 1765 1126 1829 controversia,
1166 1763 1292 1814 dare
1332 1782 1550 1832 operam
1589 1764 1872 1832 oportebit,

196 1841 256 1888 ut
297 1837 359 1888 de
400 1855 477 1904 eo,
517 1837 658 1904 quod
698 1837 1034 1888 adversarius
1074 1837 1372 1906 intellegat,
1419 1837 1527 1888 alia
1563 1837 1619 1888 in
1658 1855 1715 1889 re
1753 1838 1872 1908 lege

112 1914 412 1965 120eautum
475 1929 587 1962 esse
650 1910 916 1963 doceatur.
1005 1910 1338 1961 Permultum
1401 1913 1577 1962 autem
1630 1911 1874 1979 proficiet

195 1984 330 2035 illud
378 1984 765 2051 demonstrare,
821 1984 1268 2052 quemadmodum
1325 1983 1650 2052 scripsisset,
1705 1985 1749 2036 si
1802 1984 1872 2053 id,
1895 1997 1937 2031 25

198 2057 338 2125 quod
377 2057 711 2108 adversarius
754 2058 994 2126 accipiat,
1032 2057 1148 2108 fieri
1188 2060 1280 2108 aut
1317 2057 1561 2127 intellegi
1598 2057 1872 2125 voluisset,

195 2134 256 2182 ut
294 2132 350 2182 in
388 2131 489 2182 hac
529 2149 703 2196 causa,
745 2131 802 2183 in
840 2150 945 2200 qua
985 2131 1047 2182 de
1087 2130 1230 2182 vasis
1271 2131 1542 2199 argenteis
1583 2132 1872 2198 quaeritur,

196 2204 368 2273 possit
427 2205 621 2255 mulier
676 2204 867 2271 dicere,
921 2204 1058 2255 nihil
1109 2204 1391 2255 attinuisse
1447 2204 1664 2272 ascribi,
1718 2219 1870 2268 QUAE

195 2292 403 2343 VOLET,
445 2277 490 2329 si
520 2278 731 2330 heredis
763 2278 1034 2329 voluntati
1064 2277 1418 2346 permitteret.
1477 2278 1560 2330 Eo
1592 2277 1734 2329 enim
1763 2296 1873 2330 non

197 2351 429 2419 ascripto
469 2351 605 2402 nihil
645 2370 759 2403 esse
801 2351 1168 2419 dubitationiS,
1209 2352 1337 2419 quin
1374 2351 1543 2418 heres,
1583 2369 1718 2420 quae
1755 2352 1870 2420 ipse
1894 2364 1939 2396 30

197 2425 382 2492 vellet,
438 2425 601 2476 daret.
680 2425 990 2476 Amentiam
1045 2425 1214 2494 igitur
1266 2424 1454 2492 fuisse,
1515 2443 1634 2477 cum
1688 2425 1870 2476 heredi

196 2499 360 2549 vellet
407 2516 614 2565 cavere,
660 2498 715 2549 id
761 2499 1046 2565 ascribere,
1096 2517 1198 2566 quo
1245 2517 1356 2550 non
1403 2499 1634 2566 ascripto
1680 2498 1871 2550 nihilo-

111 2572 372 2626 121minus
427 2572 611 2623 heredi
664 2575 952 2624 caveretur.
1041 2570 1215 2632 Quare
1269 2571 1371 2623 hoc
1425 2589 1618 2642 genere
1671 2589 1869 2641 magno

198 2663 355 2713 opere
393 2645 592 2696 talibus
632 2647 689 2696 in
727 2645 902 2697 causis
940 2645 1020 2696 uti
1061 2645 1352 2713 oportebit:
1393 2643 1513 2697 ‘hoc
1544 2645 1702 2697 modo
1743 2645 1871 2697 scri·
1927 2714 1929 2716 η

197 2718 414 2785 psisset,
452 2718 559 2770 isto
600 2719 762 2771 verbo
803 2737 929 2770 usus
968 2737 1077 2770 non
1117 2722 1279 2786 esset,
1317 2737 1427 2770 non
1463 2721 1570 2770 isto
1611 2720 1727 2770 loco
1759 2736 1869 2769 ver·
1892 2731 1936 2764 35

198 2792 324 2842 bum
370 2791 515 2842 istud
563 2791 928 2844 conlocasset.³
1005 2791 1146 2844 Nam
1194 2811 1257 2843 ex
1303 2791 1388 2843 his
1439 2792 1703 2843 sentent-ia
1741 2791 1871 2844 scri-

195 2865 367 2933 ptoris
439 2865 669 2918 maxime
741 2865 1076 2934 perspicitur.
1182 2865 1387 2917 Deinde
1458 2883 1562 2934 quo
1629 2870 1870 2933 tempore
