2075 3235
227 149 329 201 158
811 146 890 190 DE
923 143 1300 190 INVEeroNE
1837 152 1893 191 42

222 267 419 320 inferas
467 267 543 335 id,
584 267 724 335 quod
765 266 1025 334 sequitur:
1074 263 1242 316 ‘Fecit
1279 263 1446 332 igitur
1485 264 1788 332 incestum3'
1840 269 1894 319 et

224 341 544 394 concluseris
608 338 1128 408 argumentationem
1191 340 1244 388 et
1299 337 1636 405 perspicuam
1688 338 1894 408 fugeris

139 433 191 472 74
225 414 660 483 complexionem.
709 411 882 471 Quare
914 411 971 462 in
1006 410 1183 479 longis
1219 411 1774 478 argumentationibus
1801 415 1894 464 aut

226 507 288 540 ex
327 485 767 540 conductionibus
809 486 901 535 aut
941 502 1003 535 ex
1043 483 1311 548 contrario
1350 484 1633 550 complecti
1665 487 1893 553 oportet,

223 562 279 613 in
325 560 575 612 brevibus
622 557 675 608 id
724 557 922 625 solum,
970 556 1109 624 quod
1157 555 1455 621 conficitur,
1509 574 1792 626 exponere,
1838 559 1894 609 in

224 635 312 702 iis,
359 634 414 683 in
455 631 644 699 quibus
687 630 860 682 exitus
900 629 1211 698 perspicuus
1253 632 1349 696 est,
1388 631 1760 682 consecutione
1799 632 1892 683 uti.

227 706 281 759 Si
321 706 409 774 qui
449 707 628 756 autem
669 721 731 754 ex
770 722 877 755 una
917 721 1125 771 quoque
1164 705 1317 771 parte
1349 702 1617 769 putabunt
1649 707 1893 756 constare

226 777 762 847 argumentationem,
801 779 1055 845 poterunt
1088 775 1258 827 dicere
1292 792 1449 843 saepe
1483 776 1614 828 satis
1648 793 1762 828 esse
1793 777 1894 830 hoc

224 852 381 904 modo
416 849 935 920 argumentationem
967 849 1162 902 facere:
1205 848 1486 908 ‘Quoniam
1517 849 1737 917 peperit,
1775 867 1894 902 cum

224 925 338 978 viro
379 922 704 990 concubuit3'
744 941 869 975 nam
908 923 1010 975 1106
1049 922 1249 974 nullius
1288 939 1456 989 neque
1488 923 1893 991 approbationis

223 1016 393 1066 neque
441 996 824 1065 complexionis
874 996 1128 1066 indigere.
1205 994 1306 1047 Sed
1345 995 1500 1047 nobis
1541 995 1894 1065 ambiguitate

224 1071 456 1124 nominis
496 1070 742 1122 videntur
791 1088 980 1121 errare.
1055 1069 1196 1121 Nam
1244 1069 1641 1138 argumentatio
1680 1070 1894 1122 nomine

223 1163 328 1197 uno
376 1162 460 1196 res
502 1143 632 1195 duas
681 1143 974 1212 significat,
1027 1142 1145 1194 ideo
1195 1142 1336 1210 quod
1382 1145 1435 1193 et
1479 1143 1756 1194 inventum
1802 1143 1894 1195 ali·

226 1237 384 1287 quam
422 1218 479 1269 in
517 1235 630 1268 rem
670 1217 949 1285 probabile
987 1219 1079 1267 aut
1109 1215 1465 1267 necessarium
1499 1216 1894 1284 argumentatio

139 1309 190 1348 75
224 1295 445 1344 vocatur
507 1294 559 1342 et
623 1290 733 1341 eius
788 1290 992 1342 inventi
1055 1289 1346 1341 artificiosa
1407 1289 1679 1358 expolitio,
1760 1288 1894 1342 Cum

224 1365 390 1433 igitur
429 1363 702 1433 proferent
742 1363 942 1431 aliquid
985 1362 1310 1414 huiusmodi:
1351 1361 1634 1423 eQuoniam
1673 1363 1895 1432 peperit,

226 1457 345 1491 cum
384 1439 500 1489 viro
542 1436 862 1504 concubuit,'
903 1436 1181 1487 inventum
1219 1434 1507 1503 proferent,
1546 1453 1655 1488 non
1694 1437 1893 1505 expoli-

226 1512 451 1578 tionem3
491 1528 589 1562 nos
627 1514 805 1562 autem
845 1508 907 1561 de
948 1509 1286 1578 expolitionis
1326 1509 1570 1577 partibus
1610 1509 1894 1577 loquimur.

137 1586 203 1637 41
225 1584 377 1637 Nihil
429 1584 596 1652 igitur
636 1583 703 1635 ad
741 1583 879 1635 hanc
917 1601 1030 1634 rem
1070 1582 1208 1634 ratio
1247 1582 1345 1634 illa
1383 1582 1694 1651 pertinebit3
1735 1586 1894 1651 atque

224 1659 324 1710 hac
366 1657 705 1708 distinctione
745 1656 852 1708 alia
892 1674 1114 1724 quoque,
1155 1673 1288 1723 quae
1323 1654 1644 1707 videbimtur
1684 1655 1894 1709 officere

224 1731 347 1783 huic
386 1730 693 1799 partitioni,
732 1729 1180 1798 propulsabimUS,
1220 1728 1265 1779 si
1306 1728 1397 1796 qui
1436 1731 1529 1780 aut
1569 1728 1896 1798 adsumptio-

224 1823 347 1857 nem
396 1803 680 1872 aliquando
727 1803 848 1855 tolli
893 1820 1051 1870 posse
1099 1804 1288 1870 putent
1328 1804 1419 1853 aut
1457 1802 1896 1871 propositionem.

228 1877 373 1939 Quae
407 1877 453 1929 si
487 1877 613 1945 quid
643 1876 810 1928 habet
839 1875 1119 1943 probabile
1153 1878 1247 1927 aut
1277 1876 1651 1944 necessarium,
1683 1894 1895 1945 quoquo

228 1951 384 2003 modo
426 1952 761 2003 commoveat
801 1949 1098 2001 auditorem
1136 1966 1349 2001 necesse
1390 1951 1485 2000 est.
1547 1947 1699 2009 Quod
1738 1950 1784 2001 si
1816 1968 1896 2002 so-

226 2025 338 2076 lum
387 2027 716 2092 spectaretur
764 2041 824 2075 ac
869 2023 1028 2090 nihil,
1084 2040 1186 2090 quo
1240 2025 1398 2091 pacto
1454 2025 1779 2074 tractaretur
1827 2022 1896 2090 id,

228 2097 369 2167 quod
416 2100 556 2149 esset
596 2097 980 2165 excogitatum,
1019 2095 1262 2162 referret,
1311 2113 1645 2164 nequaquam
1682 2099 1897 2148 tantum

227 2172 367 2223 inter
415 2188 650 2222 summos
699 2173 937 2222 oratores
986 2173 1039 2221 et
1085 2169 1374 2221 mediocres
1422 2169 1680 2221 interesse
1719 2169 1897 2221 existi-

142 2262 195 2301 76
229 2247 478 2297 maretur.
576 2243 800 2295 Variare
870 2246 1049 2294 autem
1118 2242 1411 2294 orationem
1479 2259 1676 2311 magno
1739 2260 1898 2312 opere

230 2318 522 2387 oportebit3
560 2335 684 2368 nam
718 2316 962 2369 omnibus
995 2316 1050 2367 in
1089 2315 1247 2367 rebus
1288 2315 1578 2368 similitudo
1619 2319 1703 2369 est
1741 2316 1898 2369 satie-

229 2392 360 2444 tatis
400 2394 587 2443 mater.
664 2388 726 2441 Id
763 2389 879 2441 fieri
918 2389 1128 2457 poterit,
1169 2390 1214 2440 si
1253 2407 1361 2441 non
1401 2389 1649 2440 similiter
1688 2407 1897 2458 semper

229 2465 594 2547 ingrediamur
633 2463 689 2514 in
729 2462 1260 2532 argumentationem.
1336 2460 1478 2514 Nam
1516 2463 1747 2530 primum
1786 2481 1894 2515 om-

229 2539 378 2590 nium
432 2537 712 2607 generibus
759 2536 889 2604 ipsis
945 2535 1270 2605 distinguere
1325 2536 1598 2603 convenit,
1646 2535 1747 2589 hoc
1800 2539 1897 2604 est,

231 2615 345 2663 tum
385 2611 688 2663 inductione
727 2610 823 2677 uti,
861 2612 976 2661 tum
1008 2609 1430 2676 ratiocinatione,
1470 2608 1702 2661 deinde
1687 2627 1743 2661 111
1780 2609 1900 2678 ipsa

233 2684 696 2754 argumentatione
749 2701 858 2735 non
913 2700 1119 2750 semper
1173 2701 1204 2734 a
1255 2682 1620 2752 propositione
1664 2682 1897 2751 incipere

1917 938 1960 969 10

1919 1302 1962 1336 15

1918 1671 1961 1702 20

1919 2037 1962 2070 25

1919 2403 1963 2437 30

231 2775 327 2809 nec
361 2775 568 2825 semper
602 2759 832 2824 quinque
863 2756 1108 2825 partibus
1143 2756 1292 2808 abuti
1314 2773 1485 2824 neque
1511 2755 1693 2808 eadem
1716 2759 1896 2824 partes
1919 2767 1962 2801 35

232 2831 438 2883 ratione
496 2830 752 2897 expolire,
808 2829 898 2882 sed
950 2832 1065 2880 tum
1121 2829 1187 2881 ab
1236 2828 1606 2897 adsumptione
1651 2829 1898 2897 incipere,

232 2906 348 2955 tum
397 2903 781 2972 approbatione
832 2902 1106 2969 alterutra,
1161 2905 1276 2954 tum
1322 2905 1569 2971 utraque,
1621 2905 1737 2954 tum
1783 2902 1897 2969 hoc,
